2873 4897
570 382 672 458 20
1279 378 1566 436 LIBER
1615 368 1989 428 PRIMUS.

576 540 1148 629 concelebranda
1211 530 1614 611 Eleusiniw
1673 525 2133 604 confluebant
2146 574 2169 611 ,
2249 521 2330 592 in
2392 517 2713 614 aequum

576 690 791 747 suum
833 671 959 762 jus
1010 654 1434 758 reciperent.
1494 651 1678 742 Quis
1721 669 1954 748 porro
2006 630 2262 730 nescit,
2312 638 2720 725 Romanos,

576 796 890 891 quorum'
939 781 1240 887 plurimi
1289 766 1674 851 Eleusinia
1701 762 2195 865 acceperunt,
2243 758 2569 832 alie'na'm
2623 754 2722 828 ci-

577 914 890 987 vitatem
945 903 1350 979 adsciscere
1399 916 1552 967 non
1603 892 1958 990 potuisse,
2011 886 2187 982 quin
2237 882 2449 953 suam
2491 876 2718 949 amit-

580 1028 864 1104 terent?
941 1023 1084 1097 His
1164 1014 1509 1092 omnibus
1574 1012 1968 1099 evincitur,
2030 1002 2410 1077 Iulianum
2477 1006 2722 1070 sectae

584 1152 881 1245 cynicae
943 1141 1322 1217 addictum
1391 1130 1855 1229 eundemque
1920 1124 2348 1199 coelestium
2409 1119 2722 1221 cerimo-

581 1273 872 1342 niarum
939 1257 1615 1337 reverentissimam]
1632 1305 1654 1342 ,
1721 1251 1929 1325 illam
1999 1241 2469 1317 defensionis.
2483 1237 2727 1312 ‘ratio-

582 1410 752 1461 nem
770 1437 791 1475 ,
857 1405 1001 1482 qua
1049 1359 1481 1473 magistrum
1531 1374 1840 1446 crimine
1892 1376 2304 1440 contemtae
2344 1355 2724 1454 religionis

584 1508 952 1591 liberaret,
1004 1510 1271 1597 suopte
1320 1495 1686 1594 reperisse
1734 1489 2030 1584 ingenio
2081 1489 2245 1560 sive
2291 1482 2548 1581 potius
2599 1496 2726 1549 ve-

585 1636 818 1699 terem
883 1619 1213 1694 fabulam
1285 1616 1541 1689 eorum
1559 1665 1581 1702 ,
1653 1613 1777 1708 qui
1841 1606 2238 1681 Herculem
2289 1612 2366 1673 et
2413 1601 2729 1672 Dioscu-

586 1730 735 1833 ros,
788 1762 1014 1839 quum
1066 1740 1349 1810 initiari
1402 1734 1706 1819 vellent,-
1749 1751 1802 1801 a
1853 1726 2139 1802 civibus
2177 1721 2450 1795 Atticis
2486 1714 2726 1810 adop-

589 1874 783 1936 tatos
828 1860 1079 1932 'ferunt
1114 1853 1250 1954 [Ἲς
1302 1853 1402 1928 ad
1451 1838 1813 1946 Diogenis
1864 1858 2206 1943 tempora
2243 1836 2727 1914 transtulisse·

593 1979 936 2054 Ceterum
1013 1998 1165 2049 non
1234 1973 1723 2047 necessariam
1805 1989 1966 2039 esse
2030 1967 2257 2037 istam
2318 1955 2727 2033 excusatio-

588 2122 760 2172 nem
831 2096 1203 2170 declarant
1265 2093 1581 2165 Zenonis
1597 2143 1622 2178 ,
1672 2086 2046 2161 Cleanthis
2099 2096 2173 2158 et
2221 2079 2554 2155 Panaetii
2607 2095 2730 2146 ex-

593 2219 841 2317 empla
875 2218 967 2314 [³]
1037 2216 1417 2290 civitatem
1485 2209 1809 2283 Atticam
1878 2205 2373 2278 recusantium
2409 2184 2566 2277 ’ἵνα
2623 2182 2727 2295 μὴ

592 2338 865 2426 δόξωσι
916 2336 1053 2421 τὰς
1082 2335 1354 2439 ,αὐτῶν
1394 2330 1762 2430 πατρίδας
1807 2328 2114 2403 ἀδικεῖν.
2164 2348 2236 2400 v.
2285 2321 2455 2395 infr.
2503 2320 2589 2393 L.
2636 2314 2728 2386 Π.

597 2485 652 2532 e.
703 2459 830 2532 111.
885 2454 949 2554 ξ.
1005 2455 1074 2527 3.
1118 2464 1271 2525 not.
1328 2475 1396 2548 p.
1455 2451 1537 2522 Si
1589 2471 1771 2524 vero
1823 2446 2135 2544 quilibet
2184 2467 2376 2519 unus
2416 2430 2770 2515 Graeco-‘

594 2601 759 2649 rum
824 2576 941 2646 his
1007 2576 1231 2644 sacris
1296 2573 1654 2642 interesse
1704 2570 1987 2664 potuit,
2054 2568 2120 2639 si
2171 2568 2410 2654 cives,
2468 2558 2733 2643 exteri,

596 2697 781 2783 viri,
833 2693 1237 2778 foeminae,
1304 2688 1500 2777 noti,
1564 2688 1838 2782 ignoti,
1901 2688 2276 2785 principes
2326 2682 2733 2778 vulgusque

598 2812 909 2886 admissi
957 2823 1164 2901 sunt,
1214 2819 1394 2907 quot
1415 2861 1435 2897 ,
1490 2829 1763 2905 quaeso
1783 2860 1803 2896 ,
1857 2805 2056 2880 illius
2107 2807 2356 2880 arcani
2408 2799 2736 2876 conscios

599 2935 841 3007 fuisse
879 2951 1176 3004 necesse
1228 2931 1372 3002 est!
1426 2928 1494 3000 E
1547 2929 1823 3000 cunctis
1877 2926 2230 3013 Graeciae
2281 2919 2735 2999 solemnibus

598 3054 888 3127 nullum
940 3051 1082 3124 fuit
1135 3051 1299 3148 pari
1348 3047 1702 3141 religione
1751 3046 2204 3144 praeditum3
2255 3046 2592 3120 Athenae
2625 3041 2739 3135 ip-

600 3196 726 3245 sae
792 3171 933 3243 hoc
960 3187 967 3192 ·
998 3171 1190 3243 festo
1256 3175 1596 3266 tempore
1661 3164 2135 3239 multitudine
2184 3166 2739 3264 peregrinorum

601 3290 917 3363 refertae
983 3299 1190 3361 erant
1218 3289 1342 3386 [Ν]
1364 3340 1384 3376 ,
1454 3305 1887 3383 omnesque,
1968 3288 2094 3384 qui
2157 3308 2380 3383 quum
2433 3287 2741 3383 possent

604 3411 881 3483 initiari
898 3461 921 3498 ,
1001 3429 1151 3480 non
1233 3407 1510 3478 initiati
1588 3417 1898 3502 essent,⁸
1941 3408 2142 3500 vulgi
2207 3417 2401 3478 certe
2453 3399 2758 3500 judicio.

746 3610 822 3686 [ff]
860 3634 912 3699 v:
962 3614 1125 3667 Orell-
1177 3613 1241 3666 ad
1288 3612 1460 3682 Epist.
1507 3613 1655 3680 Socr.
1705 3630 1755 3682 p.
1803 3607 1926 3666 263.
1971 3611 2092 3664 Hoc
2139 3627 2171 3664 ι
2206 3610 2341 3663 lodis
2374 3608 2595 3681 publicis
2622 3609 2733 3657 tra—

606 3683 812 3737 ductmn
862 3685 1099 3746 wdetun-3
1147 3681 1466 3736 Philammon
1518 3683 1585 3735 ad
1632 3699 1847 3751 agonem
1894 3699 1998 3734 non
2043 3681 2295 3734 admissus
2337 3682 2634 3752 priusquam
2665 3671 2733 3725 ab

512 3832 523 3848 Ι
606 3755 886 3816 Aristotele
917 3755 1196 3824 adoptatus
1230 3761 1372 3822 esset
1406 3753 1662 3806 Themist.
1699 3753 1794 3806 Or.
1834 3752 1973 3805 xxl.
2009 3751 2131 3805 249.
2165 3752 2231 3803 D.

602 3840 1125 3981 opp-[ffloglntarph.
1161 3840 1324 3924 Stoic.
1360 3838 1610 3944 Repugu,
1637 3839 1729 3890 IV.
1764 3835 1883 3892 840.
1920 3838 1992 3895 Τ.
2028 3837 2178 3892 xm.
2212 3837 2384 3891 Proel.
2421 3837 2487 3890 ad
2522 3826 2731 3888 Hesiod.

595 4065 610 4084 ‚
743 3996 856 4086 [εξ]
894 3997 1139 4050 Philostr.
1185 3996 1249 4047 V.
1294 3995 1464 4081 ᾼροΙῙ.
1517 3994 1561 4048 1.
1599 3993 1694 4059 18,
1736 3994 1852 4048 155.
1898 3996 2027 4068 περὶ
2073 3998 2385 4068 μυστηρίων
2418 3989 2589 4066 ὥραν,
2637 3981 2726 4040 ὅτε

591 4073 873 4153 ,Atlantion
920 4071 1496 4154 nolvoevssgoenomtot.
1567 4064 1826 4117 Aristides
1871 4065 2097 4118 Panath.
2147 4084 2199 4135 p.
2241 4065 2356 4119 191.
2392 4063 2616 4134 δέχεσθε
2651 4055 2725 4122 τῷ

602 4139 897 4208 Ελευσινίῳ
932 4140 1150 4214 ule-love
1180 4153 1216 4202 η
1248 4138 1306 4189 οἱ
1334 4135 1506 4207 ἕτεροι
1543 4136 1608 4208 τῇ
1637 4132 1785 4208 πάσῃ
1819 4131 1995 4190 πόλει.
2733 4145 2736 4152 ·
