<?xml version="1.0" encoding="UTF-8"?>
<!DOCTYPE html PUBLIC "-//W3C//DTD XHTML 1.0 Transitional//EN"
    "http://www.w3.org/TR/xhtml1/DTD/xhtml1-transitional.dtd">
<html xmlns="http://www.w3.org/1999/xhtml" xml:lang="en" lang="en">
 <head>
  <title>
</title>
<meta http-equiv="Content-Type" content="text/html;charset=utf-8" />
  <meta name='ocr-system' content='tesseract 3.04.00' />
  <meta name='ocr-capabilities' content='ocr_page ocr_carea ocr_par ocr_line ocrx_word'/>
</head>
<body>
  <div class='ocr_page' id='page_1' title='image "./aglaophamussive05lobegoog_0809.png"; bbox 0 0 2873 4897; ppageno 0'>
   <div class='ocr_carea' id='block_1_1' title="bbox 1023 343 2373 417">
    <p class='ocr_par' dir='ltr' id='par_1_1' title="bbox 1023 343 2373 417">
     <span class='ocr_line' id='line_1_1' title="bbox 1023 343 2373 417; baseline 0.004 -6"><span class='ocrx_word' id='word_1_1' title='bbox 1023 354 1571 411; x_wconf 71' lang='grc' dir='ltr'>οιιΡιιιοΑ.</span> <span class='ocrx_word' id='word_1_2' title='bbox 2221 343 2373 417; x_wconf 79' lang='grc'><strong>763</strong></span> 
     </span>
    </p>
   </div>
   <div class='ocr_carea' id='block_1_2' title="bbox 216 509 2378 1092">
    <p class='ocr_par' dir='ltr' id='par_1_2' title="bbox 216 509 2378 1092">
     <span class='ocr_line' id='line_1_2' title="bbox 218 509 2376 611; baseline 0.003 -29"><span class='ocrx_word' id='word_1_3' title='bbox 218 510 344 583; x_wconf 88' lang='lat' dir='ltr'><strong>dit</strong></span> <span class='ocrx_word' id='word_1_4' title='bbox 357 563 395 600; x_wconf 80' lang='lat'><strong>,-</strong></span> <span class='ocrx_word' id='word_1_5' title='bbox 447 532 595 584; x_wconf 88' lang='lat' dir='ltr'><strong>non</strong></span> <span class='ocrx_word' id='word_1_6' title='bbox 648 509 836 586; x_wconf 88' lang='lat' dir='ltr'><strong>adeo</strong></span> <span class='ocrx_word' id='word_1_7' title='bbox 890 533 937 583; x_wconf 90' lang='lat' dir='ltr'><strong>a</strong></span> <span class='ocrx_word' id='word_1_8' title='bbox 991 513 1252 586; x_wconf 79' lang='lat' dir='ltr'><strong>ceteris</strong></span> <span class='ocrx_word' id='word_1_9' title='bbox 1305 509 1693 611; x_wconf 75' lang='lat' dir='ltr'><strong>discrepat.</strong></span> <span class='ocrx_word' id='word_1_10' title='bbox 1762 511 1950 587; x_wconf 89' lang='lat' dir='ltr'><strong>Nam</strong></span> <span class='ocrx_word' id='word_1_11' title='bbox 2006 510 2376 589; x_wconf 83' lang='lat' dir='ltr'><strong>Centima-</strong></span> 
     </span>
     <span class='ocr_line' id='line_1_3' title="bbox 217 631 2376 732; baseline 0.003 -26"><span class='ocrx_word' id='word_1_12' title='bbox 217 635 308 706; x_wconf 87' lang='lat' dir='ltr'><strong>ni</strong></span> <span class='ocrx_word' id='word_1_13' title='bbox 382 631 731 709; x_wconf 82' lang='lat' dir='ltr'><strong>Titanum</strong></span> <span class='ocrx_word' id='word_1_14' title='bbox 799 633 1294 732; x_wconf 76' lang='lat' dir='ltr'><strong>antiquissimi</strong></span> <span class='ocrx_word' id='word_1_15' title='bbox 1345 632 1678 723; x_wconf 86' lang='lat' dir='ltr'><strong>fuerunt;</strong></span> <span class='ocrx_word' id='word_1_16' title='bbox 1746 632 2049 711; x_wconf 78' lang='lat' dir='ltr'><strong>Titanes</strong></span> <span class='ocrx_word' id='word_1_17' title='bbox 2100 646 2376 726; x_wconf 89' lang='lat' dir='ltr'><strong>autem,</strong></span> 
     </span>
     <span class='ocr_line' id='line_1_4' title="bbox 219 750 2378 855; baseline 0.002 -29"><span class='ocrx_word' id='word_1_18' title='bbox 219 754 407 848; x_wconf 87' lang='lat' dir='ltr'><strong>quia</strong></span> <span class='ocrx_word' id='word_1_19' title='bbox 454 765 633 855; x_wconf 84' lang='lat' dir='ltr'><strong>post</strong></span> <span class='ocrx_word' id='word_1_20' title='bbox 680 754 1058 829; x_wconf 85' lang='lat' dir='ltr'><strong>naturales</strong></span> <span class='ocrx_word' id='word_1_21' title='bbox 1111 752 1319 843; x_wconf 84' lang='lat' dir='ltr'><strong>deos,</strong></span> <span class='ocrx_word' id='word_1_22' title='bbox 1370 750 1683 833; x_wconf 82' lang='lat' dir='ltr'><strong>Coelum</strong></span> <span class='ocrx_word' id='word_1_23' title='bbox 1726 764 1804 827; x_wconf 91' lang='lat' dir='ltr'><strong>et</strong></span> <span class='ocrx_word' id='word_1_24' title='bbox 1844 755 2173 844; x_wconf 87' lang='lat' dir='ltr'><strong>Terram,</strong></span> <span class='ocrx_word' id='word_1_25' title='bbox 2225 757 2378 854; x_wconf 90' lang='lat' dir='ltr'><strong>pri-</strong></span> 
     </span>
     <span class='ocr_line' id='line_1_5' title="bbox 216 874 2377 974; baseline 0.001 -27"><span class='ocrx_word' id='word_1_26' title='bbox 216 875 333 947; x_wconf 85' lang='lat' dir='ltr'><strong>mi</strong></span> <span class='ocrx_word' id='word_1_27' title='bbox 387 875 698 949; x_wconf 86' lang='lat' dir='ltr'><strong>extitere</strong></span> <span class='ocrx_word' id='word_1_28' title='bbox 750 874 1017 970; x_wconf 87' lang='lat' dir='ltr'><strong>quibus</strong></span> <span class='ocrx_word' id='word_1_29' title='bbox 1068 876 1381 951; x_wconf 84' lang='lat' dir='ltr'><strong>nomina</strong></span> <span class='ocrx_word' id='word_1_30' title='bbox 1430 876 1739 974; x_wconf 87' lang='lat' dir='ltr'><strong>propria</strong></span> <span class='ocrx_word' id='word_1_31' title='bbox 1789 888 1865 951; x_wconf 86' lang='lat' dir='ltr'><strong>et</strong></span> <span class='ocrx_word' id='word_1_32' title='bbox 1915 877 2112 951; x_wconf 82' lang='lat' dir='ltr'><strong>actio</strong></span> <span class='ocrx_word' id='word_1_33' title='bbox 2157 899 2377 973; x_wconf 90' lang='lat' dir='ltr'><strong>quae-</strong></span> 
     </span>
     <span class='ocr_line' id='line_1_6' title="bbox 216 991 2378 1092; baseline 0.003 -28"><span class='ocrx_word' id='word_1_34' title='bbox 216 991 401 1067; x_wconf 89' lang='lat' dir='ltr'><strong>dam</strong></span> <span class='ocrx_word' id='word_1_35' title='bbox 485 996 685 1069; x_wconf 87' lang='lat' dir='ltr'><strong>vitae</strong></span> <span class='ocrx_word' id='word_1_36' title='bbox 751 995 1231 1083; x_wconf 81' lang='lat' dir='ltr'><strong>tribueretur,</strong></span> <span class='ocrx_word' id='word_1_37' title='bbox 1310 997 1774 1068; x_wconf 76' lang='lat' dir='ltr'><strong>animantum</strong></span> <span class='ocrx_word' id='word_1_38' title='bbox 1844 997 2186 1071; x_wconf 86' lang='lat' dir='ltr'><strong>omnium</strong></span> <span class='ocrx_word' id='word_1_39' title='bbox 2247 1018 2378 1092; x_wconf 87' lang='lat' dir='ltr'><strong>pa·</strong></span> 
     </span>
    </p>
   </div>
   <div class='ocr_carea' id='block_1_3' title="bbox 214 1113 2377 1333">
    <p class='ocr_par' dir='ltr' id='par_1_3' title="bbox 214 1113 2377 1333">
     <span class='ocr_line' id='line_1_7' title="bbox 214 1113 2377 1211; baseline 0.001 -27"><span class='ocrx_word' id='word_1_40' title='bbox 214 1125 472 1185; x_wconf 86' lang='lat' dir='ltr'><strong>rentes</strong></span> <span class='ocrx_word' id='word_1_41' title='bbox 537 1113 773 1186; x_wconf 88' lang='lat' dir='ltr'><strong>habiti</strong></span> <span class='ocrx_word' id='word_1_42' title='bbox 841 1126 1049 1204; x_wconf 88' lang='lat' dir='ltr'><strong>sunt,</strong></span> <span class='ocrx_word' id='word_1_43' title='bbox 1120 1113 1752 1211; x_wconf 83' lang='lat' dir='ltr'><strong>quemadmodum</strong></span> <span class='ocrx_word' id='word_1_44' title='bbox 1819 1120 1898 1189; x_wconf 86' lang='lat' dir='ltr'><strong>in</strong></span> <span class='ocrx_word' id='word_1_45' title='bbox 1971 1114 2377 1189; x_wconf 89' lang='lat' dir='ltr'><strong>Homerico</strong></span> 
     </span>
     <span class='ocr_line' id='line_1_8' title="bbox 216 1231 1496 1333; baseline 0.001 -29"><span class='ocrx_word' id='word_1_46' title='bbox 216 1231 508 1325; x_wconf 85' lang='lat' dir='ltr'><strong>hymno</strong></span> <span class='ocrx_word' id='word_1_47' title='bbox 563 1231 837 1306; x_wconf 86' lang='lat' dir='ltr'><strong>dicitur</strong></span> <span class='ocrx_word' id='word_1_48' title='bbox 888 1236 963 1306; x_wconf 89' lang='lat' dir='ltr'><strong>in</strong></span> <span class='ocrx_word' id='word_1_49' title='bbox 1022 1232 1268 1333; x_wconf 88' lang='lat' dir='ltr'><strong>Apoll.</strong></span> <span class='ocrx_word' id='word_1_50' title='bbox 1324 1233 1496 1308; x_wconf 82' lang='lat'><strong>335.</strong></span> 
     </span>
    </p>
   </div>
   <div class='ocr_carea' id='block_1_4' title="bbox 219 1394 1894 1639">
    <p class='ocr_par' dir='ltr' id='par_1_4' title="bbox 219 1394 1894 1639">
     <span class='ocr_line' id='line_1_9' title="bbox 404 1394 1894 1488; baseline 0.002 -25"><span class='ocrx_word' id='word_1_51' title='bbox 404 1402 659 1485; x_wconf 76' lang='grc' dir='ltr'>Τιτῆνές</span> <span class='ocrx_word' id='word_1_52' title='bbox 704 1426 765 1466; x_wconf 83' lang='grc' dir='ltr'><strong>τε</strong></span> <span class='ocrx_word' id='word_1_53' title='bbox 810 1404 949 1466; x_wconf 72' lang='grc' dir='ltr'><strong>θεοὶ</strong></span> <span class='ocrx_word' id='word_1_54' title='bbox 996 1394 1119 1466; x_wconf 76' lang='grc' dir='ltr'><strong>τῶν</strong></span> <span class='ocrx_word' id='word_1_55' title='bbox 1163 1402 1231 1479; x_wconf 73' lang='grc' dir='ltr'><strong>’ἐξ</strong></span> <span class='ocrx_word' id='word_1_56' title='bbox 1276 1400 1495 1488; x_wconf 73' lang='grc' dir='ltr'><em>ἄνδρες</em></span> <span class='ocrx_word' id='word_1_57' title='bbox 1539 1428 1600 1466; x_wconf 73' lang='grc' dir='ltr'><strong>τε</strong></span> <span class='ocrx_word' id='word_1_58' title='bbox 1647 1405 1792 1467; x_wconf 74' lang='grc' dir='ltr'><strong><em>θεοί</em></strong></span> <span class='ocrx_word' id='word_1_59' title='bbox 1831 1428 1894 1467; x_wconf 75' lang='grc' dir='ltr'><strong>τε</strong></span> 
     </span>
     <span class='ocr_line' id='line_1_10' title="bbox 219 1538 1218 1639; baseline 0.002 -28"><span class='ocrx_word' id='word_1_60' title='bbox 219 1555 302 1613; x_wconf 90' lang='lat' dir='ltr'><strong>et</strong></span> <span class='ocrx_word' id='word_1_61' title='bbox 356 1543 431 1612; x_wconf 89' lang='lat' dir='ltr'><strong>iu</strong></span> <span class='ocrx_word' id='word_1_62' title='bbox 489 1540 814 1639; x_wconf 84' lang='lat' dir='ltr'><strong>Orphico</strong></span> <span class='ocrx_word' id='word_1_63' title='bbox 870 1538 1218 1615; x_wconf 88' lang='lat' dir='ltr'>XXXVI.</span> 
     </span>
    </p>
   </div>
   <div class='ocr_carea' id='block_1_5' title="bbox 400 1656 2052 1882">
    <p class='ocr_par' dir='ltr' id='par_1_5' title="bbox 400 1656 2052 1882">
     <span class='ocr_line' id='line_1_11' title="bbox 407 1656 1931 1782; baseline -0.01 -11"><span class='ocrx_word' id='word_1_64' title='bbox 407 1699 662 1777; x_wconf 59' lang='grc' dir='ltr'><strong><em>Τῑΐῆνές</em></strong></span> <span class='ocrx_word' id='word_1_65' title='bbox 707 1731 789 1742; x_wconf 87' lang='grc'>-</span> <span class='ocrx_word' id='word_1_66' title='bbox 832 1690 1143 1782; x_wconf 73' lang='grc' dir='ltr'><strong>ἡμετέρων</strong></span> <span class='ocrx_word' id='word_1_67' title='bbox 1185 1689 1478 1780; x_wconf 75' lang='grc' dir='ltr'><strong>πρόγονοι</strong></span> <span class='ocrx_word' id='word_1_68' title='bbox 1522 1692 1805 1779; x_wconf 72' lang='grc' dir='ltr'><strong><em>πατέρων</em></strong></span> <span class='ocrx_word' id='word_1_69' title='bbox 1859 1656 1884 1735; x_wconf 41' lang='lat'><strong>&#39;—</strong></span> <span class='ocrx_word' id='word_1_70' title='bbox 1913 1732 1931 1742; x_wconf 89' lang='lat'><strong>·</strong></span> 
     </span>
     <span class='ocr_line' id='line_1_12' title="bbox 400 1792 2052 1882; baseline 0.002 -25"><span class='ocrx_word' id='word_1_71' title='bbox 400 1793 585 1881; x_wconf 78' lang='grc' dir='ltr'><strong><em>ἀρχαὶ</em></strong></span> <span class='ocrx_word' id='word_1_72' title='bbox 629 1798 730 1860; x_wconf 78' lang='grc' dir='ltr'><strong>καὶ</strong></span> <span class='ocrx_word' id='word_1_73' title='bbox 775 1799 962 1882; x_wconf 75' lang='grc' dir='ltr'><em>πηγαὶ</em></span> <span class='ocrx_word' id='word_1_74' title='bbox 1010 1793 1260 1861; x_wconf 71' lang='grc' dir='ltr'><strong><em>πάντων</em></strong></span> <span class='ocrx_word' id='word_1_75' title='bbox 1302 1800 1561 1880; x_wconf 69' lang='grc' dir='ltr'><strong><em>θνητῶν</em></strong></span> <span class='ocrx_word' id='word_1_76' title='bbox 1606 1792 2052 1878; x_wconf 73' lang='grc' dir='ltr'><strong><em>πολυμόχθων.</em></strong></span> 
     </span>
    </p>
   </div>
   <div class='ocr_carea' id='block_1_6' title="bbox 106 1947 2399 3892">
    <p class='ocr_par' dir='ltr' id='par_1_6' title="bbox 106 1947 2399 3850">
     <span class='ocr_line' id='line_1_13' title="bbox 126 1947 2388 2047; baseline 0.001 -26"><span class='ocrx_word' id='word_1_77' title='bbox 126 1968 137 1979; x_wconf 84' lang='grc'><em>·</em></span> <span class='ocrx_word' id='word_1_78' title='bbox 224 1949 527 2025; x_wconf 79' lang='lat' dir='ltr'><strong>Deinde</strong></span> <span class='ocrx_word' id='word_1_79' title='bbox 581 1947 1061 2024; x_wconf 76' lang='lat' dir='ltr'><strong>centimanus</strong></span> <span class='ocrx_word' id='word_1_80' title='bbox 1109 1954 1321 2047; x_wconf 83' lang='lat' dir='ltr'><strong>ipsos</strong></span> <span class='ocrx_word' id='word_1_81' title='bbox 1371 1949 1677 2025; x_wconf 82' lang='lat' dir='ltr'><strong>fuerunt</strong></span> <span class='ocrx_word' id='word_1_82' title='bbox 1725 1950 1851 2046; x_wconf 89' lang='lat' dir='ltr'><strong>qui</strong></span> <span class='ocrx_word' id='word_1_83' title='bbox 1883 1960 2170 2025; x_wconf 32' lang='lat' dir='ltr'><strong>&gt;ventos</strong></span> <span class='ocrx_word' id='word_1_84' title='bbox 2225 1968 2388 2023; x_wconf 82' lang='lat' dir='ltr'><strong>esse</strong></span> 
     </span>
     <span class='ocr_line' id='line_1_14' title="bbox 230 2064 2388 2164; baseline 0.001 -24"><span class='ocrx_word' id='word_1_85' title='bbox 230 2064 584 2142; x_wconf 66' lang='lat' dir='ltr'><strong>dicerent</strong></span> <span class='ocrx_word' id='word_1_86' title='bbox 642 2090 714 2141; x_wconf 89' lang='lat' dir='ltr'><strong>v.</strong></span> <span class='ocrx_word' id='word_1_87' title='bbox 770 2066 1014 2140; x_wconf 81' lang='lat' dir='ltr'><strong>Schol.</strong></span> <span class='ocrx_word' id='word_1_88' title='bbox 1068 2068 1248 2142; x_wconf 85' lang='lat' dir='ltr'><strong>Hes.</strong></span> <span class='ocrx_word' id='word_1_89' title='bbox 1290 2069 1566 2163; x_wconf 80' lang='lat' dir='ltr'><strong>Theog.</strong></span> <span class='ocrx_word' id='word_1_90' title='bbox 1614 2068 1784 2143; x_wconf 80' lang='lat'><strong>139.</strong></span> <span class='ocrx_word' id='word_1_91' title='bbox 1834 2070 1920 2143; x_wconf 89' lang='lat' dir='ltr'><strong>In</strong></span> <span class='ocrx_word' id='word_1_92' title='bbox 1972 2070 2114 2145; x_wconf 84' lang='lat' dir='ltr'><strong>hoc</strong></span> <span class='ocrx_word' id='word_1_93' title='bbox 2139 2070 2388 2164; x_wconf 62' lang='lat' dir='ltr'><strong>‚igitur</strong></span> 
     </span>
     <span class='ocr_line' id='line_1_15' title="bbox 232 2188 2391 2287; baseline 0.001 -27"><span class='ocrx_word' id='word_1_94' title='bbox 232 2210 497 2261; x_wconf 82' lang='lat' dir='ltr'><strong>omnes</strong></span> <span class='ocrx_word' id='word_1_95' title='bbox 545 2189 1055 2277; x_wconf 82' lang='lat' dir='ltr'><strong>consentiunt,</strong></span> <span class='ocrx_word' id='word_1_96' title='bbox 1108 2188 1576 2287; x_wconf 79' lang='lat' dir='ltr'><strong>Tritopatres</strong></span> <span class='ocrx_word' id='word_1_97' title='bbox 1603 2191 1889 2283; x_wconf 78' lang='lat' dir='ltr'><strong>generis</strong></span> <span class='ocrx_word' id='word_1_98' title='bbox 1917 2189 2226 2262; x_wconf 88' lang='lat' dir='ltr'><strong>humaui</strong></span> <span class='ocrx_word' id='word_1_99' title='bbox 2256 2212 2391 2263; x_wconf 90' lang='lat' dir='ltr'><strong>au-</strong></span> 
     </span>
     <span class='ocr_line' id='line_1_16' title="bbox 232 2306 2390 2404; baseline 0 -24"><span class='ocrx_word' id='word_1_100' title='bbox 232 2321 478 2382; x_wconf 79' lang='lat' dir='ltr'><strong>ctores</strong></span> <span class='ocrx_word' id='word_1_101' title='bbox 509 2330 694 2397; x_wconf 84' lang='lat' dir='ltr'><strong>esse,</strong></span> <span class='ocrx_word' id='word_1_102' title='bbox 747 2310 912 2382; x_wconf 86' lang='lat' dir='ltr'><strong>sive</strong></span> <span class='ocrx_word' id='word_1_103' title='bbox 939 2306 1121 2382; x_wconf 88' lang='lat' dir='ltr'><strong>deos</strong></span> <span class='ocrx_word' id='word_1_104' title='bbox 1150 2310 1315 2383; x_wconf 87' lang='lat' dir='ltr'><strong>sive</strong></span> <span class='ocrx_word' id='word_1_105' title='bbox 1346 2309 1692 2381; x_wconf 82' lang='lat' dir='ltr'><strong>homines</strong></span> <span class='ocrx_word' id='word_1_106' title='bbox 1724 2331 1769 2381; x_wconf 88' lang='lat' dir='ltr'><strong>a</strong></span> <span class='ocrx_word' id='word_1_107' title='bbox 1799 2307 1916 2381; x_wconf 89' lang='lat' dir='ltr'><strong>dis</strong></span> <span class='ocrx_word' id='word_1_108' title='bbox 1946 2308 2390 2404; x_wconf 71' lang='lat' dir='ltr'><strong>genitalibus</strong></span> 
     </span>
     <span class='ocr_line' id='line_1_17' title="bbox 233 2427 2395 2525; baseline -0 -22"><span class='ocrx_word' id='word_1_109' title='bbox 233 2432 459 2503; x_wconf 81' lang='lat' dir='ltr'><strong>tertio</strong></span> <span class='ocrx_word' id='word_1_110' title='bbox 530 2427 764 2525; x_wconf 85' lang='lat' dir='ltr'><strong>gradu</strong></span> <span class='ocrx_word' id='word_1_111' title='bbox 827 2439 1069 2520; x_wconf 67' lang='lat' dir='ltr'><strong>orton3</strong></span> <span class='ocrx_word' id='word_1_112' title='bbox 1154 2429 1355 2504; x_wconf 89' lang='lat' dir='ltr'><strong>unde</strong></span> <span class='ocrx_word' id='word_1_113' title='bbox 1421 2432 1650 2506; x_wconf 79' lang='lat' dir='ltr'><strong>etiam</strong></span> <span class='ocrx_word' id='word_1_114' title='bbox 1716 2427 2056 2524; x_wconf 75' lang='lat' dir='ltr'><strong>nonnulli</strong></span> <span class='ocrx_word' id='word_1_115' title='bbox 2119 2448 2395 2502; x_wconf 72' lang='lat' dir='ltr'><strong>nomen</strong></span> 
     </span>
     <span class='ocr_line' id='line_1_18' title="bbox 234 2548 2390 2642; baseline -0.001 -19"><span class='ocrx_word' id='word_1_116' title='bbox 234 2571 496 2623; x_wconf 87' lang='lat' dir='ltr'><strong>eorum</strong></span> <span class='ocrx_word' id='word_1_117' title='bbox 552 2548 936 2624; x_wconf 78' lang='lat' dir='ltr'><strong>derivasse</strong></span> <span class='ocrx_word' id='word_1_118' title='bbox 988 2548 1376 2642; x_wconf 81' lang='lat' dir='ltr'><strong>videntur3</strong></span> <span class='ocrx_word' id='word_1_119' title='bbox 1429 2553 1560 2625; x_wconf 89' lang='lat' dir='ltr'><strong>alii</strong></span> <span class='ocrx_word' id='word_1_120' title='bbox 1613 2550 1930 2622; x_wconf 85' lang='lat' dir='ltr'><strong>fortasse</strong></span> <span class='ocrx_word' id='word_1_121' title='bbox 1982 2571 2029 2621; x_wconf 90' lang='lat' dir='ltr'><strong>a</strong></span> <span class='ocrx_word' id='word_1_122' title='bbox 2079 2570 2390 2621; x_wconf 84' lang='lat' dir='ltr'><strong>numero</strong></span> 
     </span>
     <span class='ocr_line' id='line_1_19' title="bbox 106 2665 2393 2772; baseline -0.001 -28"><span class='ocrx_word' id='word_1_123' title='bbox 106 2665 117 2669; x_wconf 73' lang='grc'><strong><em>’</em></strong></span> <span class='ocrx_word' id='word_1_124' title='bbox 233 2690 376 2744; x_wconf 89' lang='lat' dir='ltr'><strong>suo</strong></span> <span class='ocrx_word' id='word_1_125' title='bbox 429 2680 739 2743; x_wconf 85' lang='lat' dir='ltr'><strong>vocatos</strong></span> <span class='ocrx_word' id='word_1_126' title='bbox 789 2678 1173 2767; x_wconf 86' lang='lat' dir='ltr'><strong>putarunt,</strong></span> <span class='ocrx_word' id='word_1_127' title='bbox 1226 2679 1360 2742; x_wconf 88' lang='lat' dir='ltr'><strong>aut</strong></span> <span class='ocrx_word' id='word_1_128' title='bbox 1409 2675 1634 2772; x_wconf 86' lang='lat' dir='ltr'><strong>(quae</strong></span> <span class='ocrx_word' id='word_1_129' title='bbox 1686 2668 2241 2766; x_wconf 80' lang='lat' dir='ltr'><strong>simplicissima</strong></span> <span class='ocrx_word' id='word_1_130' title='bbox 2279 2690 2393 2741; x_wconf 90' lang='lat' dir='ltr'><strong>ra-</strong></span> 
     </span>
     <span class='ocr_line' id='line_1_20' title="bbox 234 2787 2393 2891; baseline -0 -28"><span class='ocrx_word' id='word_1_131' title='bbox 234 2788 382 2884; x_wconf 88' lang='lat' dir='ltr'><strong>tio)</strong></span> <span class='ocrx_word' id='word_1_132' title='bbox 436 2791 613 2888; x_wconf 88' lang='lat' dir='ltr'><strong>quia</strong></span> <span class='ocrx_word' id='word_1_133' title='bbox 660 2787 1134 2891; x_wconf 73' lang='grc' dir='ltr'><strong>τριτοπάτωρ</strong></span> <span class='ocrx_word' id='word_1_134' title='bbox 1150 2845 1176 2879; x_wconf 82' lang='grc'><strong><em>,</em></strong></span> <span class='ocrx_word' id='word_1_135' title='bbox 1229 2790 1531 2865; x_wconf 83' lang='lat' dir='ltr'><strong>Polluce</strong></span> <span class='ocrx_word' id='word_1_136' title='bbox 1582 2801 1810 2879; x_wconf 85' lang='lat' dir='ltr'><strong>teste,</strong></span> <span class='ocrx_word' id='word_1_137' title='bbox 1874 2811 2249 2888; x_wconf 87' lang='lat' dir='ltr'><strong>proavum</strong></span> <span class='ocrx_word' id='word_1_138' title='bbox 2297 2790 2393 2862; x_wconf 87' lang='lat' dir='ltr'><strong>si·</strong></span> 
     </span>
     <span class='ocr_line' id='line_1_21' title="bbox 234 2905 2391 3010; baseline -0.001 -29"><span class='ocrx_word' id='word_1_139' title='bbox 234 2909 540 3006; x_wconf 82' lang='lat' dir='ltr'><strong>gnificat</strong></span> <span class='ocrx_word' id='word_1_140' title='bbox 616 2911 836 3006; x_wconf 85' lang='lat' dir='ltr'><strong>(sicut</strong></span> <span class='ocrx_word' id='word_1_141' title='bbox 917 2919 1312 3006; x_wconf 86' lang='lat' dir='ltr'><strong>quartus</strong></span> <span class='ocrx_word' id='word_1_142' title='bbox 1391 2924 1659 3010; x_wconf 89' lang='lat' dir='ltr'><strong>pater</strong></span> <span class='ocrx_word' id='word_1_143' title='bbox 1733 2907 2071 2985; x_wconf 73' lang='lat' dir='ltr'><strong>‘abavum</strong></span> <span class='ocrx_word' id='word_1_144' title='bbox 2137 2905 2391 3002; x_wconf 73' lang='lat' dir='ltr'><strong>Vin-gil.</strong></span> 
     </span>
     <span class='ocr_line' id='line_1_22' title="bbox 236 3016 2396 3126; baseline -0.003 -23"><span class='ocrx_word' id='word_1_145' title='bbox 236 3029 424 3103; x_wconf 88' lang='lat' dir='ltr'><strong>Aen.</strong></span> <span class='ocrx_word' id='word_1_146' title='bbox 498 3028 593 3105; x_wconf 87' lang='lat' dir='ltr'><strong>X.</strong></span> <span class='ocrx_word' id='word_1_147' title='bbox 646 3027 854 3125; x_wconf 80' lang='lat'>619.)</span> <span class='ocrx_word' id='word_1_148' title='bbox 903 3032 1175 3126; x_wconf 86' lang='lat' dir='ltr'><strong>proavi</strong></span> <span class='ocrx_word' id='word_1_149' title='bbox 1226 3042 1480 3104; x_wconf 89' lang='lat' dir='ltr'><strong>autem</strong></span> <span class='ocrx_word' id='word_1_150' title='bbox 1529 3033 1611 3103; x_wconf 92' lang='lat' dir='ltr'><strong>in</strong></span> <span class='ocrx_word' id='word_1_151' title='bbox 1663 3030 2032 3125; x_wconf 86' lang='lat' dir='ltr'><strong>majorum</strong></span> <span class='ocrx_word' id='word_1_152' title='bbox 2060 3016 2396 3100; x_wconf 83' lang='lat' dir='ltr'><strong>&#39;numero</strong></span> 
     </span>
     <span class='ocr_line' id='line_1_23' title="bbox 238 3147 2396 3248; baseline -0.001 -27"><span class='ocrx_word' id='word_1_153' title='bbox 238 3151 744 3248; x_wconf 86' lang='lat' dir='ltr'><strong>principatum</strong></span> <span class='ocrx_word' id='word_1_154' title='bbox 813 3147 1191 3240; x_wconf 87' lang='lat' dir='ltr'><strong>obtinent,</strong></span> <span class='ocrx_word' id='word_1_155' title='bbox 1257 3151 1458 3225; x_wconf 89' lang='lat' dir='ltr'><strong>unde</strong></span> <span class='ocrx_word' id='word_1_156' title='bbox 1524 3151 1646 3239; x_wconf 89' lang='lat' dir='ltr'><strong>fit,</strong></span> <span class='ocrx_word' id='word_1_157' title='bbox 1712 3163 1796 3221; x_wconf 87' lang='lat' dir='ltr'><strong>ut</strong></span> <span class='ocrx_word' id='word_1_158' title='bbox 1864 3158 2114 3245; x_wconf 88' lang='lat' dir='ltr'><strong>pater,</strong></span> <span class='ocrx_word' id='word_1_159' title='bbox 2183 3165 2396 3233; x_wconf 85' lang='lat' dir='ltr'><strong>avus,</strong></span> 
     </span>
     <span class='ocr_line' id='line_1_24' title="bbox 242 3264 2396 3374; baseline -0.002 -30"><span class='ocrx_word' id='word_1_160' title='bbox 242 3292 576 3374; x_wconf 77' lang='lat' dir='ltr'><strong>proavus</strong></span> <span class='ocrx_word' id='word_1_161' title='bbox 654 3270 959 3368; x_wconf 84' lang='lat' dir='ltr'><strong>proprie</strong></span> <span class='ocrx_word' id='word_1_162' title='bbox 1038 3279 1281 3373; x_wconf 77' lang='grc' dir='ltr'><strong><em>γονεῖς</em></strong></span> <span class='ocrx_word' id='word_1_163' title='bbox 1346 3272 1690 3348; x_wconf 84' lang='lat' dir='ltr'><strong>dicantur</strong></span> <span class='ocrx_word' id='word_1_164' title='bbox 1758 3282 1836 3343; x_wconf 89' lang='lat' dir='ltr'><strong>et</strong></span> <span class='ocrx_word' id='word_1_165' title='bbox 1896 3267 2128 3341; x_wconf 90' lang='lat' dir='ltr'><strong>iidem</strong></span> <span class='ocrx_word' id='word_1_166' title='bbox 2194 3264 2396 3364; x_wconf 90' lang='lat' dir='ltr'><strong>apud</strong></span> 
     </span>
     <span class='ocr_line' id='line_1_25' title="bbox 241 3386 2396 3489; baseline -0.002 -26"><span class='ocrx_word' id='word_1_167' title='bbox 241 3391 621 3465; x_wconf 84' lang='lat' dir='ltr'><strong>Romanos</strong></span> <span class='ocrx_word' id='word_1_168' title='bbox 671 3392 1021 3465; x_wconf 85' lang='lat' dir='ltr'><strong>universe</strong></span> <span class='ocrx_word' id='word_1_169' title='bbox 1068 3402 1555 3489; x_wconf 84' lang='lat' dir='ltr'><strong>parentes3</strong></span> <span class='ocrx_word' id='word_1_170' title='bbox 1621 3389 2030 3488; x_wconf 90' lang='lat' dir='ltr'><strong>eademque</strong></span> <span class='ocrx_word' id='word_1_171' title='bbox 2080 3386 2177 3460; x_wconf 94' lang='lat' dir='ltr'><strong>de</strong></span> <span class='ocrx_word' id='word_1_172' title='bbox 2230 3409 2396 3461; x_wconf 83' lang='lat' dir='ltr'><strong>cau-</strong></span> 
     </span>
     <span class='ocr_line' id='line_1_26' title="bbox 245 3510 2399 3612; baseline -0.003 -27"><span class='ocrx_word' id='word_1_173' title='bbox 245 3533 332 3585; x_wconf 88' lang='lat' dir='ltr'><strong>sa</strong></span> <span class='ocrx_word' id='word_1_174' title='bbox 392 3510 883 3585; x_wconf 82' lang='lat' dir='ltr'><strong>Athenienses</strong></span> <span class='ocrx_word' id='word_1_175' title='bbox 948 3513 1248 3607; x_wconf 84' lang='lat' dir='ltr'><strong>ingenui</strong></span> <span class='ocrx_word' id='word_1_176' title='bbox 1311 3511 1718 3612; x_wconf 87' lang='lat' dir='ltr'><strong>quamlibet</strong></span> <span class='ocrx_word' id='word_1_177' title='bbox 1784 3511 2059 3589; x_wconf 88' lang='lat' dir='ltr'><strong>veteris</strong></span> <span class='ocrx_word' id='word_1_178' title='bbox 2128 3521 2203 3582; x_wconf 91' lang='lat' dir='ltr'><strong>et</strong></span> <span class='ocrx_word' id='word_1_179' title='bbox 2264 3529 2399 3580; x_wconf 89' lang='lat' dir='ltr'><strong>nu-</strong></span> 
     </span>
     <span class='ocr_line' id='line_1_27' title="bbox 247 3631 2399 3733; baseline -0.003 -27"><span class='ocrx_word' id='word_1_180' title='bbox 247 3654 584 3706; x_wconf 85' lang='lat' dir='ltr'><strong>merosae</strong></span> <span class='ocrx_word' id='word_1_181' title='bbox 633 3634 1055 3732; x_wconf 87' lang='lat' dir='ltr'><strong>prosapiae,</strong></span> <span class='ocrx_word' id='word_1_182' title='bbox 1108 3644 1362 3707; x_wconf 84' lang='lat' dir='ltr'><strong>tamen</strong></span> <span class='ocrx_word' id='word_1_183' title='bbox 1411 3631 1617 3707; x_wconf 87' lang='lat' dir='ltr'><strong>haud</strong></span> <span class='ocrx_word' id='word_1_184' title='bbox 1668 3633 1921 3733; x_wconf 88' lang='lat' dir='ltr'><strong>plures</strong></span> <span class='ocrx_word' id='word_1_185' title='bbox 1973 3651 2202 3728; x_wconf 89' lang='lat' dir='ltr'><strong>quam</strong></span> <span class='ocrx_word' id='word_1_186' title='bbox 2249 3640 2399 3701; x_wconf 89' lang='lat' dir='ltr'><strong>tres</strong></span> 
     </span>
     <span class='ocr_line' id='line_1_28' title="bbox 249 3747 2398 3892; baseline -0.003 -68"><span class='ocrx_word' id='word_1_187' title='bbox 249 3750 634 3892; x_wconf 82' lang='lat' dir='ltr'><strong>indigenas</strong></span> <span class='ocrx_word' id='word_1_188' title='bbox 699 3755 1024 3850; x_wconf 88' lang='lat' dir='ltr'><strong>majores</strong></span> <span class='ocrx_word' id='word_1_189' title='bbox 1091 3749 1283 3826; x_wconf 80' lang='lat' dir='ltr'><strong>ciere</strong></span> <span class='ocrx_word' id='word_1_190' title='bbox 1348 3753 1724 3843; x_wconf 86' lang='lat' dir='ltr'><strong>solebant,</strong></span> <span class='ocrx_word' id='word_1_191' title='bbox 1791 3754 1976 3826; x_wconf 86' lang='lat' dir='ltr'><strong>satis</strong></span> <span class='ocrx_word' id='word_1_192' title='bbox 2042 3747 2398 3824; x_wconf 89' lang='lat' dir='ltr'><strong>habentes</strong></span> 
     </span>
    </p>
   </div>
   <div class='ocr_carea' id='block_1_7' title="bbox 254 3865 2399 3977">
    <p class='ocr_par' dir='ltr' id='par_1_7' title="bbox 254 3865 2399 3977">
     <span class='ocr_line' id='line_1_29' title="bbox 254 3865 2399 3977; baseline -0.005 -28"><span class='ocrx_word' id='word_1_193' title='bbox 254 3874 361 3943; x_wconf 76' lang='lat' dir='ltr'><strong>si</strong></span> <span class='ocrx_word' id='word_1_194' title='bbox 412 3876 489 3949; x_wconf 73' lang='grc' dir='ltr'><strong>ἐκ</strong></span> <span class='ocrx_word' id='word_1_195' title='bbox 566 3874 949 3977; x_wconf 63' lang='grc' dir='ltr'><strong><em>τριγονίας</em></strong></span> <span class='ocrx_word' id='word_1_196' title='bbox 1036 3878 1423 3972; x_wconf 69' lang='grc' dir='ltr'><strong>Ἀθηναῖοι</strong></span> <span class='ocrx_word' id='word_1_197' title='bbox 1510 3872 2024 3971; x_wconf 72' lang='lat' dir='ltr'><strong>viderentur-[⁰</strong></span> <span class='ocrx_word' id='word_1_198' title='bbox 2026 3874 2108 3966; x_wconf 94' lang='grc'><strong>0.]</strong></span> <span class='ocrx_word' id='word_1_199' title='bbox 2246 3865 2399 3942; x_wconf 87' lang='lat' dir='ltr'><strong>Sed</strong></span> 
     </span>
    </p>
   </div>
   <div class='ocr_carea' id='block_1_8' title="bbox 258 4068 2400 4251">
    <p class='ocr_par' dir='ltr' id='par_1_8' title="bbox 258 4068 2400 4219">
     <span class='ocr_line' id='line_1_30' title="bbox 401 4068 2400 4158; baseline -0.004 -30"><span class='ocrx_word' id='word_1_200' title='bbox 401 4072 449 4139; x_wconf 94' lang='grc'><strong>[0</strong></span> <span class='ocrx_word' id='word_1_201' title='bbox 453 4074 500 4143; x_wconf 88' lang='grc'><strong>0]</strong></span> <span class='ocrx_word' id='word_1_202' title='bbox 538 4076 690 4158; x_wconf 80' lang='lat' dir='ltr'><strong>Apud</strong></span> <span class='ocrx_word' id='word_1_203' title='bbox 736 4076 921 4142; x_wconf 83' lang='lat' dir='ltr'><strong>Indos,</strong></span> <span class='ocrx_word' id='word_1_204' title='bbox 971 4085 1031 4130; x_wconf 76' lang='lat' dir='ltr'><strong>ut</strong></span> <span class='ocrx_word' id='word_1_205' title='bbox 1076 4077 1429 4136; x_wconf 73' lang='lat' dir='ltr'><strong>Philostratus</strong></span> <span class='ocrx_word' id='word_1_206' title='bbox 1476 4080 1657 4130; x_wconf 76' lang='lat' dir='ltr'><strong>narrat</strong></span> <span class='ocrx_word' id='word_1_207' title='bbox 1692 4075 1757 4127; x_wconf 89' lang='lat' dir='ltr'><strong>V.</strong></span> <span class='ocrx_word' id='word_1_208' title='bbox 1795 4075 1966 4145; x_wconf 79' lang='lat' dir='ltr'><strong>Apoll.</strong></span> <span class='ocrx_word' id='word_1_209' title='bbox 2003 4073 2073 4126; x_wconf 91' lang='lat'><strong>11.</strong></span> <span class='ocrx_word' id='word_1_210' title='bbox 2108 4068 2192 4124; x_wconf 91' lang='grc'><strong>80.</strong></span> <span class='ocrx_word' id='word_1_211' title='bbox 2227 4087 2277 4153; x_wconf 78' lang='lat' dir='ltr'><strong>p.</strong></span> <span class='ocrx_word' id='word_1_212' title='bbox 2315 4069 2400 4122; x_wconf 90' lang='grc'><strong>80</strong></span> 
     </span>
     <span class='ocr_line' id='line_1_31' title="bbox 258 4141 2398 4251; baseline -0.004 -51"><span class='ocrx_word' id='word_1_213' title='bbox 258 4143 301 4196; x_wconf 73' lang='lat' dir='ltr'><strong>si</strong></span> <span class='ocrx_word' id='word_1_214' title='bbox 354 4142 442 4212; x_wconf 85' lang='lat' dir='ltr'><strong>qui</strong></span> <span class='ocrx_word' id='word_1_215' title='bbox 479 4144 854 4251; x_wconf 82' lang='lat' dir='ltr'><strong>philosophiam</strong></span> <span class='ocrx_word' id='word_1_216' title='bbox 892 4165 953 4218; x_wconf 85' lang='lat' dir='ltr'><strong>pr</strong></span> <span class='ocrx_word' id='word_1_217' title='bbox 926 4147 1077 4202; x_wconf 83' lang='lat' dir='ltr'><strong>reofit</strong></span> <span class='ocrx_word' id='word_1_218' title='bbox 1080 4148 1372 4213; x_wconf 70' lang='lat' dir='ltr'><strong>rivolum,</strong></span> <span class='ocrx_word' id='word_1_219' title='bbox 1422 4149 1637 4219; x_wconf 84' lang='lat' dir='ltr'><strong>primum</strong></span> <span class='ocrx_word' id='word_1_220' title='bbox 1674 4153 1918 4218; x_wconf 81' lang='lat' dir='ltr'><strong>parentes</strong></span> <span class='ocrx_word' id='word_1_221' title='bbox 1951 4159 2127 4197; x_wconf 85' lang='lat' dir='ltr'><strong>eorum</strong></span> <span class='ocrx_word' id='word_1_222' title='bbox 2162 4157 2254 4210; x_wconf 84' lang='lat' dir='ltr'><strong>qm</strong></span> <span class='ocrx_word' id='word_1_223' title='bbox 2289 4141 2398 4194; x_wconf 79' lang='lat' dir='ltr'><strong>fue·</strong></span> 
     </span>
    </p>
   </div>
  </div>
 </body>
</html>
