2873 4897
857 360 1552 418 ananelum.
2127 356 2271 430 211

173 522 392 596 Attica
440 541 488 593 a
538 518 843 593 Boeotis
896 520 1091 594 bello
1144 466 1640 621 'pl-emeretur,
1690 524 1771 595 in
1821 546 2017 621 pago
2069 524 2278 621 Hya.

176 641 386 714 cintho
437 640 881 714 sacrificatas
933 662 1132 732 esse3
1183 663 1410 715 unam
1463 652 1642 715 natu
1692 646 2104 719 maximam
2138 647 2279 720 hoc

172 761 300 834 fam
346 759 762 834 defunctam
812 761 1044 834 tradit
1080 762 1537 836 Demaratus
1587 764 1668 836 in
1698 760 2277 860 Tragodumeni·
2438 792 2443 805 ‘

177 882 659 956 convenienter
693 881 1065 980 Euripidi,
1119 883 1326 977 cujus
1378 882 1707 957 fabulam
1763 882 2015 958 dedita
2049 909 2279 984 opera

180 1003 566 1100 aponiano
627 1000 963 1093 videtur3
1021 1001 1538 1100 'Apollodorus
1605 1006 1786 1078 item
1856 1026 2077 1079 unam
2145 1006 2279 1080 sed

177 1133 320 1196 natu
362 1122 777 1211 minimam,
828 1134 980 1196 tres
1031 1134 1278 1197 autem
1325 1124 1654 1221 reliquas
1695 1128 2045 1226 (quatuor
2081 1128 2276 1201 enim

177 1243 545 1339 enumerat)
591 1243 1021 1317 voluntaria
1063 1254 1305 1317 morte
1357 1243 1654 1333 obiisse,
1707 1256 1785 1316 et
1813 1245 2071 1340 paullo
2106 1258 2278 1319 ante

181 1362 586 1458 singularum
636 1363 1112 1437 matrimonia
1161 1374 1478 1463 enarrat,
1528 1364 1704 1437 licet
1753 1365 2103 1463 innuptas
2139 1368 2279 1439 im-

178 1482 450 1556 molatas
517 1505 686 1556 ecce
733 1505 855 1556 res
902 1485 1074 1581 ipsa
1123 1494 1200 1556 et
1247 1482 1580 1557 solemne
1630 1506 1907 1558 nomeu
1960 1488 2279 1587 Παρθέ-

179 1631 272 1679 vce
326 1601 659 1677 declaret.
775 1602 1120 1701 Denique
1182 1601 1385 1677 idem
1466 1602 1973 1701 Apollodorus
2025 1604 2279 1678 Minoe

181 1719 456 1797 Atticam
510 1720 902 1796 obsidente
954 1725 1276 1821 quinque
1308 1723 1718 1818 Hyacinthi
1766 1724 2110 1821 inquilini
2139 1724 2281 1797 La-

182 1841 593 1919 cedaemonii
656 1844 849 1916 filias
915 1843 1120 1942 apud
1187 1842 1392 1917 aram
1448 1840 1798 1941 Cyclopia
1846 1844 2278 1917 immolatas

182 1983 328 2053 me,
370 1962 567 2038 unde
617 1973 828 2061 patet
867 1966 1182 2038 nomina
1219 1961 1607 2058 Hyadum,
1656 1961 2063 2055 Hyacinthi
2107 1966 2278 2060 pagi

184 2092 242 2154 et
291 2083 682 2178 Hyacinthi
744 2082 1316 2157 Lacedaemonii
1381 2091 1693 2182 propter
1740 2082 2127 2156 fortuitam
2181 2086 2279 2156 si-

179 2203 627 2278 militudinem
665 2205 775 2297 ,in
838 2224 1071 2276 unum
1134 2202 1443 2276 confusa
1468 2213 1591 2274 .et⁴
1620 2214 2006 2299 praeterea
2054 2204 2278 2297 virgi-

185 2343 328 2396 uum
365 2346 672 2413 nomen,
722 2332 1005 2415 ortum,
1055 2333 1374 2396 aetatem
1428 2331 1506 2393 et
1553 2343 1947 2394 numerum
1991 2324 2101 2394 ita
2149 2344 2280 2395 va-

186 2443 275 2516 rie
327 2445 586 2522 tradita
649 2465 812 2518 ease
876 2455 966 2517 ut
1028 2442 1513 2518 manifestum
1563 2442 1731 2529 fiat,
1795 2439 2083 2516 nullum
2137 2453 2280 2512 tra-

186 2561 470 2642 dfflu’um
531 2565 842 2640 alterius
908 2587 992 2639 se
1055 2564 1542 2639 obstrinxisse
1608 2561 2088 2649 auctoritate,
2154 2582 2280 2632 ne·

187 2679 326 2756 dum
371 2698 451 2759 ut
500 2708 761 2759 omnes
812 2708 905 2758 ex
955 2685 1330 2758 communi
1373 2681 1710 2781 quodam
1762 2680 1970 2753 fonte
2018 2680 2283 2753 hause-

185 2802 330 2894 rht3
391 2827 531 2904 quo
601 2827 752 2878 uno
820 2805 1175 2901 exemplo
1227 2826 1322 2876 ex
1365 2800 2036 2875 innumerabilibus
2088 2797 2286 2871 dele-

189 2925 277 2993 cto
333 2926 655 3020 arguitur
720 2946 978 2998 eorum
1025 2924 1445 3011 temer-itae,
1526 2923 1653 3018 qui
1705 2944 1797 2992 ex
1846 2921 2082 2994 variis
2134 2917 2282 2991 dis-

190 3041 626 3143 eordibusque
695 3057 1085 3142 poetarum
1138 3055 1218 3116 et
1263 3040 1981 3138 mythographorum
2034 3059 2284 3110 narra·

192 3161 486 3237 uinculis
552 3166 904 3261 antiquae
964 3163 1211 3236 famae
1275 3162 1595 3236 formam
1660 3169 1739 3230 et
1790 3159 2003 3255 quasi
2053 3157 2281 3229 linea-

192 3295 397 3356 menta
440 3286 861 3379 recognosci
913 3304 1136 3381 posse
1173 3292 1496 3378 sperant.
1547 3278 1931 3351 Postremo
1960 3276 2282 3364 fuerunt,

195 3402 293 3494 qui
331 3402 726 3500 Agraulum
783 3400 1130 3511 Cecropis
1180 3401 1411 3474 filiam
1466 3408 1808 3496 tempore
1857 3393 2035 3468 belli
2062 3395 2283 3468 Eleu-

196 3520 324 3596 siuii
367 3548 448 3597 se
496 3546 638 3624 pro
689 3526 935 3622 patria
980 3519 1379 3596 devovisse
1407 3528 1792 3592 narrarent
1816 3515 2067 3590 Schol.
2098 3515 2282 3610 Aug.

200 3638 263 3712 ad
313 3643 522 3718 Dem.
572 3669 650 3744 p.
707 3643 873 3717 168.
933 3641 1062 3715 vel
1121 3639 1516 3713 Erechthei
1583 3637 1779 3711 filias
1854 3629 2286 3729 Aglaurum',

201 3753 436 3838 Hersen
512 3777 591 3837 et
652 3761 1111 3837 Pandrosum
1178 3772 1497 3833 mortem
1563 3755 2023 3854 oppetivisse
2091 3752 2287 3825 dice·

203 3895 351 3973 rent,
429 3883 674 3957 Schol.
754 3880 1061 3956 Aristid.
1127 3903 1200 3978 p.
1268 3878 1418 3954 41.-
1454 3897 1697 3974 neque
1759 3895 1913 3946 non
1980 3871 2288 3982 ambigit

208 3992 397 4075 schol.
445 4002 698 4102 Apoll.
749 4003 804 4075 Ι.
857 4002 1032 4076 211.
1075 3991 1410 4087 Procrin,
1485 3993 1762 4069 Creusa
1814 4005 1889 4066 et
1940 3992 2289 4082 Orithyia

210 4109 505 4220 Cecropis
556 4124 834 4197 suerint
882 4145 978 4196 an
1030 4119 1443 4196 Erechthei.
1498 4113 1662 4207 Quo
1712 4116 1959 4190 miuus
2013 4112 2290 4185 utimur
2342 4157 2351 4168 ,

1698 4233 1890 4306 14*
