2873 4897
942 381 1646 444 3333813111.
2283 381 2381 456 35

208 542 469 639 „initti'
530 555 619 616 et
670 542 1106 624 ἐποπτεύειν
1147 544 1436 621 licebat.
1541 551 1782 629 Parva
1830 564 2042 629 erant
2093 565 2379 630 tantum
2489 612 2494 617 -
2617 624 2622 631 .

220 664 770 767 „praeparatio⁵
905 664 1110 739 Inter
1192 667 1479 768 μύησιν
1538 685 1621 744 et
1682 674 2077 752 ἐποπτείαν
2090 730 2115 764 ,
2188 697 2380 772 quae

214 799 582 886 „utraque
646 787 732 858 in
798 787 1086 881 magnis
1151 791 1574 882 mysteriis,
1638 815 1792 866 non
1854 797 2101 868 minus
2153 818 2376 891 quam

211 930 507 999 „annus
555 908 941 995 intererat,
993 905 1131 979 sed
1180 908 1588 984 multorum
1621 918 2051 1011 expectatio
2092 916 2377 1010 longio-

212 1020 474 1120 ,ribus
523 1026 746 1128 lineis
797 1026 1389 1125 suspendebatur
1440 1042 1518 1103 et
1567 1032 1904 1131 plerique
1953 1048 2190 1108 totum
2247 1058 2378 1108 an-

213 1171 446 1239 „num
492 1146 1074 1222 1381131311331111·
1127 1162 1468 1248 epoptae.
1532 1148 1756 1241 Quod
1809 1164 2063 1227 autem
2115 1166 2380 1254 putant

214 1269 847 1368 „quinquennium
910 1268 1369 1359 interfuisse,
1450 1272 1650 1345 male
1712 1274 2138 1369 intelligunt
2202 1274 2381 1348 Ter-

224 1388 699 1479 „tullianumt
750 1388 985 1463 Aditu
1021 1391 1234 1488 prius
1281 1393 1608 1465 cruciant
1648 1403 1726 1466 et
1767 1391 2051 1467 diutius
2079 1396 2382 1481 initiant

194 1518 489 1610 „quam
543 1533 631 1585 os
681 1510 1012 1605 signant,
1078 1531 1349 1607 quum
1403 1526 1799 1609 epoptas
1856 1525 2070 1621 ante
2126 1517 2388 1611 quinss

214 1633 777 1730 „quennium
842 1634 1390 1706 instituunt.
1493 1633 1827 1706 luitiatio
1881 1644 1958 1706 et
2007 1634 2377 1707 institutio

216 1763 380 1842 „est
441 1750 975 1857 rypoaedfflzpotg
1026 1754 1106 1826 in
1157 1754 1417 1851 parvis
1471 1755 1888 1847 mysteriis,
1940 1756 2135 1828 inter
2187 1777 2378 1852 quae

213 1883 344 1961 „et
409 1894 680 1969 magna
736 1874 1097 1947 intererat
1160 1876 1779 1972 quinquennium3
1854 1876 2006 1947 oris
2057 1876 2376 1970 signatio

211 1991 533 2092 »μύησις
570 2001 735 2071 τῶν
772 1991 1144 2098 μεγάλων.
1198 1991 1323 2066 Ab
1369 1995 1792 2068 initiatione
1842 2017 1973 2069 seu
2029 2016 2075 2068 a
2116 1997 2375 2095 parvis

208 2111 643 2206 „Mysteriis
693 2111 790 2185 ad
844 2115 995 2187 oris
1045 2115 1542 2208 signationem
1592 2137 1725 2188 seu
1774 2113 2055 2214 μύησὶν
2104 2116 2184 2187 111
2217 2116 2375 2188 ma-

212 2233 431 2327 „gnis
480 2235 1063 2332 quinquennium
1095 2244 1364 2321 totum,
1418 2232 1514 2307 ab
1556 2237 1970 2330 signatione
2009 2237 2160 2307 oris
2192 2259 2372 2310 vero

215 2351 581 2454 „(silenfii
625 2355 907 2454 officio)
959 2354 1058 2428 ad
1110 2354 1505 2432 ἐποπτείαν
1547 2365 1837 2427 tantum
1874 2376 2174 2455 annum.
2177 2366 2222 2402 “
2275 2354 2374 2428 ad

209 2473 466 2573 Spart,
512 2473 560 2548 1.
601 2500 660 2549 c.
714 2475 905 2550 conf.
943 2476 1216 2548 Exere.
1273 2446 1504 2549 Solin.
1555 2497 1630 2571 p.
1684 2474 1756 2546 8.
1809 2472 1899 2546 A.
2018 2471 2188 2545 Non
2238 2497 2372 2571 po·

205 2595 360 2668 tuit
428 2596 552 2671 vir
615 2618 953 2670 summus
1002 2617 1318 2693 pravam
1374 2616 1672 2667 causam
1727 2590 2067 2664 callidius
2124 2589 2374 2664 defen-

204 2713 412 2788 dere.
536 2714 820 2788 Statuit
885 2736 1011 2787 eos
1079 2716 1206 2813 qui
1257 2716 1336 2786 13
1386 2735 1784 2810 1111111311113
1835 2710 2374 2800 initiandorum

206 2837 494 2933 recepti
555 2833 873 2908 fuissent
928 2837 1186 2932 parvis
1255 2836 1674 2926 mysteriis„
1739 2854 1891 2905 non
1946 2832 2044 2905 ad
2097 2834 2372 2928 majus-

208 2954 381 3028 cula
459 2952 793 3051 ejusdem
866 2957 1041 3027 3331
1106 2952 1475 3026 admissos
1540 2951 1674 3026 sed
1740 2954 2000 3049 quinto
2033 2952 2372 3025 ‘demum

211 3097 413 3148 anno
461 3077 544 3148 in
592 3075 710 3148 his
758 3074 1090 3176 μύστας,
1159 3073 1476 3172 denique
1530 3074 1764 3145 altero
1819 3094 2014 3144 anno
2067 3079 2243 3169 post
2292 3072 2373 3143 in

210 3194 478 3268 iisdem
534 3193 857 3280 ἐπόπτῖας
924 3194 1158 3267 factos
1227 3216 1408 3268 esse.
1509 3194 1773 3289 Itaque
1826 3205 1901 3264 et
1965 3193 2373 3289 quinquen-

214 3315 419 3388 nium
487 3313 930 3388 Tertulliani
996 3316 1228 3388 tuitus
1296 3337 1542 3412 neque
1589 3325 1814 3387 testes
1865 3312 2371 3408 gravissimos,

214 3436 342 3532 qui
388 3438 752 3530 mysteria
792 3457 1038 3508 annua
1078 3435 1313 3508 fuisse
1354 3433 1680 3524 tradunt,
1728 3434 2034 3530 rejicere
2076 3442 2370 3505 coactus

212 3565 348 3646 est,
396 3568 648 3629 ternos
703 3554 975 3651 gradus
1028 3554 1570 3647 constituendo,
1620 3576 1807 3653 quos
1857 3556 1937 3628 in
1987 3553 2367 3647 mysteriis

210 3680 489 3752 servari
542 3688 963 3776 oporteret,
1038 3678 1399 3778 primum⁸
1419 3673 1955 3778 προκᾶθαρσιν
1994 3671 2369 3773 quandam

207 3796 291 3869 in
335 3793 777 3872 minusculis
829 3810 1273 3895 susceptam,
1326 3796 1733 3870 secundum
1783 3794 2064 3895 μύησιν
2115 3816 2173 3866 8.
2216 3794 2367 3865 oris

210 3917 699 4012 figflafiffllssm
724 3971 746 4008 ‚
801 3919 1104 3991 tertium
1156 3915 1571 3996 ἐποπτείαν.
1680 3914 1829 3988 Sed
1881 3916 2016 3989 illa
2067 3915 2218 4020 oris
2270 3914 2369 3983 si-

204 4043 438 4132 gnatia
487 4063 622 4116 res
681 4038 1204 4111 commenticia
1255 4048 1389 4127 est,
1443 4039 1903 4108 extrinsecus
1953 4036 2032 4106 13
2084 4043 2368 4104 textum

194 4158 419 4258 111313ς
478 4157 1013 4239 Tertullianus
1062 4158 1248 4231 nihil
1301 4157 1626 4257 amplius
1676 4155 1890 4248 dicit,
1944 4174 2164 4252 quam
2215 4152 2371 4248 pri·

1824 4275 1873 4355 3
1925 4285 1961 4319 ιι
