2873 4897
521 330 675 407 374
1157 338 1447 395 mnne.
1496 334 2017 391 saevimus.

525 502 620 576 de
686 499 763 575 S.
814 497 904 575 N.
958 498 1046 572 V.
1118 521 1180 573 c.
1233 496 1302 572 5.
1355 497 1533 572 273.
1613 507 1968 599 tanquam
2032 491 2480 591 ab'Orpheo
2549 491 2694 568 di-

526 633 768 713 ctum,
847 622 993 695 huc
1052 626 1390 719 repetere
1455 617 1672 692 libet:
1754 620 1999 722 Hsyw
2062 615 2104 692 ὃ
2172 615 2692 716 ψυχοπομπὸς

526 746 702 844 ἄχρι
749 740 1024 821 τούτου
1072 742 1212 820 τὸν
1253 741 1552 843 Ὀρφέα
1595 743 1999 839 προελθεῖν
2047 737 2173 814 ὅτε
2221 734 2364 831 τὴν
2412 734 2684 835 ψυχὴν

525 874 655 962 τῆς
717 862 1074 968 γυναικὸς
1135 861 1386 963 μετῄει
1459 860 1590 939 καὶ
1649 860 1756 961 μὴ
1821 866 2067 944 καλῶς
2116 854 2690 956 διαμνημονεύ-

529 1011 771 1062 σαντα
838 981 1065 1088 λόγον
1126 989 1232 1070 εἰς
1297 978 1761 1084 ἀνθρώπους
1824 978 2189 1080 κίβῶηλον
2254 980 2689 1081 ἐξενεγκεῖν,

530 1105 633 1192 ὥς
678 1104 940 1184 κοινὸν
990 1109 1099 1201 εἴη
1149 1112 1512 1205 μαντεῖον
1562 1107 1646 1180 ἐν
1683 1107 2002 1202 Δελφοῖς
2045 1095 2497 1183 ’Λπόλλωνος
2543 1098 2685 1174 καὶ

528 1222 845 1312 Νυκτός.
945 1224 1142 1300 Nam
1194 1226 1396 1323 quod
1445 1225 1827 1302 Bes-elius
1876 1223 1955 1296 in
2009 1216 2300 1293 Comm.
2364 1219 2443 1290 in
2490 1217 2686 1290 Poe-

531 1343 815 1418 mandr.
882 1345 967 1419 L.
1016 1343 1145 1418 IV.
1203 1345 1320 1420 10.
1386 1369 1461 1444 p.
1514 1345 1688 1421 367.
1758 1344 2001 1418 affert:
2077 1337 2477 1428 Quidam
2534 1338 2684 1411 af·

360 1469 367 1478 “
531 1463 846 1538 ferunt
907 1462 1077 1539 sub
1142 1477 1401 1541 terra
1453 1488 1658 1540 esse
1703 1465 2230 1541 inferorum
2283 1460 2488 1532 loca
2536 1470 2685 1531 at-

532 1607 704 1682 que
783 1585 1515 1684 suppliciorum3
1616 1586 1783 1659 hos
1854 1581 2223 1659 imitari
2294 1578 2682 1655 videtur

532 1703 1001 1803 Orpheus,
1105 1727 1373 1804 quum
1467 1706 2018 1782 descensum
2105 1700 2221 1775 ad
2311 1699 2676 1774 inferes

533 1823 1039 1915 describit,
1117 1825 1381 1908 dubito
1435 1849 1533 1901 an
1599 1850 1693 1902 ex
1756 1827 2081 1923 antiquis
2131 1822 2466 1896 hauserit
2506 1819 2674 1894 fon-

531 1942 751 2017 tibus.

684 2062 857 2139 XX·
906 2065 1199 2153 Κλίσεις
1246 2067 1739 2170 κοσμικαίνας
1787 2063 1918 2142 καὶ
1965 2061 2480 2141 Nemota-md
2508 2060 2673 2133 Sui-

532 2182 671 2258 das
721 2189 1246 2284 praetermisso
1297 2190 1624 2262 sumeris
1673 2187 1998 2292 nomine.
2048 2183 2460 2258 Kuesterus
2521 2180 2680 2259 κλί-

528 2334 736 2403 ματα
800 2306 1123 2407 κοσμικά
1192 2306 1565 2381 emendat.
1667 2304 1818 2379 Sed
1881 2305 2025 2379 hoc
2088 2307 2340 2403 ipsum
2407 2322 2676 2377 nemen

532 2426 743 2500 varie
793 2428 1182 2527 accipitur3
1231 2451 1407 2504 nam
1460 2441 1538 2503 et
1587 2436 1908 2529 quatuor
1957 2424 2220 2500 mundi
2260 2424 2522 2524 plagae
2569 2422 2676 2497 sic

532 2544 877 2648 dicuntur
924 2549 1186 2624 Isider.
1239 2549 1483 2645 Origg.
1534 2550 1620 2623 L.
1663 2549 1794 2622 ΙΙΙ.
1845 2571 1919 2646 p.
1957 2548 2073 2622 19.
2122 2546 2467 2620 Martiae.
2499 2541 2670 2640 Cap.

530 2666 587 2739 l.
637 2691 714 2765 p.
767 2668 892 2742 26.
957 2680 1038 2742 et
1106 2670 1420 2744 totidem
1490 2682 1731 2743 terrae
1780 2679 2068 2768 partes:
2147 2668 2476 2769 τέσσαρα
2520 2663 2670 2742 κλί-

529 2817 741 2886 ματα
786 2786 1103 2889 κόσμου,
1154 2788 1512 2892 Εὐρώπη,
1556 2792 1787 2879 Ἀσία,
1838 2786 2127 2890 Λιβύη,
2179 2789 2404 2885 Μέση
2433 2782 2664 2860 Schol.

534 2903 737 2980 Hes.-
766 2906 1041 3004 Theog.
1091 2932 1168 2987 v.
1219 2910 1396 2985 378.
1499 2910 1796 2986 Deinde
1845 2909 2226 3005 Astrologi
2277 2920 2544 2982 terram
2590 2906 2666 2977 in

529 3040 823 3125 septem
875 3030 1175 3106 climata
1224 3030 1719 3122 distribuunt,
1786 3052 2108 3129 quorum
2174 3051 2357 3105 suus
2422 3028 2666 3122 cuique

531 3147 1034 3253 κλιματάρχης
1098 3165 1400 3252 praeest
1461 3151 1863 3226 Bardesen.
1939 3148 2035 3223 de
2112 3148 2281 3223 Fet.
2360 3173 2419 3221 c.
2483 3143 2666 3220 VIII.

532 3266 851 3345 Hermes
901 3272 1111 3346 Stob.
1163 3274 1220 3347 I.
1291 3271 1412 3348 52.
1461 3272 1640 3346 992.
1722 3271 1955 3346 Procl.
2027 3272 2109 3343 in
2176 3267 2379 3343 Cret.
2426 3293 2501 3367 p.
2549 3263 2662 3340 28.

534 3385 830 3465 Caesar.
878 3392 1082 3468 Dial.
1132 3394 1226 3468 Π.
1277 3392 1453 3499 613.
1505 3393 1594 3467 Ε.
1660 3391 1748 3467 T.
1799 3391 1931 3465 XI.
2007 3390 2214 3487 Bign.
2268 3390 2360 3464 ef.
2413 3386 2660 3478 scalig.

531 3508 633 3582 ad
696 3509 948 3586 Manil.
1019 3537 1099 3613 p.
1166 3513 1342 3588 344.
1430 3526 1508 3589 et
1581 3512 1853 3587 eodem
1916 3514 2219 3587 nomine
2285 3507 2658 3585 duedecim

532 3650 914 3726 segmenta
976 3634 1395 3735 appellant,
1471 3656 1660 3735 quae
1721 3633 2014 3729 singula
2076 3632 2386 3728 singulis
2454 3624 2654 3724 siguis

533 3751 864 3848 subjecte
914 3766 1089 3831 sunt
1138 3755 1509 3831 Theodor.
1561 3753 1774 3829 Phor.
1825 3751 2228 3830 CCXXIII.
2280 3752 2457 3827 346.
2547 3745 2657 3820 Do

534 3870 651 3974 his
699 3875 925 3971 igitur
974 3877 1393 3952 climatibus
1445 3886 1522 3950 et
1571 3896 1761 3975 quae
1824 3877 2181 3975 cujusque
2240 3876 2323 3948 in
2385 3872 2657 3969 gignen-

535 3992 654 4068 dis
704 4018 1097 4096 eerperum
1163 4009 1241 4070 et
1290 4000 1712 4072 animorum
1775 3999 2063 4075 namris
2127 3993 2518 4073 diversitas
2561 3991 2658 4087 (v-

534 4110 824 4192 vitmv.
879 4115 1001 4191 VI.
1046 4118 1124 4194 2.
1184 4117 1299 4195 12.
1365 4118 1628 4195 Isider.
1682 4120 1731 4194 1.
1783 4123 1912 4215 α),
1979 4141 2029 4193 ει
2076 4129 2306 4218 poeta
2354 4107 2653 4214 quodam
