2873 4897
575 306 684 397 m
1178 302 1190 312 '
1285 319 1569 379 mssa
1622 317 1995 377 ramus.

578 489 725 567 &v
775 481 927 561 dm
957 522 1086 557 .-—
1136 477 1504 589 'lx-xm
1562 480 1728 557 132.
1776 479 2033 578 Neque
2082 474 2226 551 hoc
2286 474 2425 551 his
2481 485 2766 575 umque

579 603 755 679 fecit
815 599 951 675 sed
997 600 1154 675 fere
1205 600 1548 679 omnibus
1595 602 1778 675 Locis
1826 598 2061 675 verba
2106 595 2210 670 ad
2254 596 2765 673 intellectum

575 723 986 799 sententiae
1045 723 1462 797 necessaria
1522 723 1837 801 resecuit
1851 771 1873 809 ,
1937 719 2186 821 aliena
2235 728 2313 790 et
2366 739 2762 814 superva-

578 864 807 918 canea
867 840 1195 931 addidit,
1269 842 1479 943 quasi
1542 864 1635 914 ex
1693 842 1880 939 ipsis
1932 837 2247 913 oraculis
2298 835 2763 935 depromta,

577 974 654 1036 et
714 983 952 1059 neque
1018 961 1395 1037 mendosis
1408 1011 1431 1050 ,
1499 984 1688 1057 quae
1749 959 1986 1035 multa
2046 969 2254 1046 sunt,
2328 960 2758 1033 correctio·

439 1134 444 1139 Ι
575 1107 748 1157 nem
781 1075 790 1083 ’
826 1081 1168 1157 adhibuit
1181 1134 1205 1172 ,
1260 1103 1522 1179 ‚neque
1605 1079 1939 1153 obscuris
1998 1077 2757 1176 interpretationem,

574 1205 721 1285 nisi
767 1202 979 1279 mam
1028 1204 1512 1277 Rufinianam.
1615 1196 1826 1289 Quae
1874 1198 2007 1275 ille
2059 1198 2316 1271 omnia
2371 1201 2552 1275 sine
2614 1198 2755 1273 du-

573 1323 700 1399 bio
753 1324 949 1400 levia
999 1320 1217 1409 ducet
1267 1331 1343 1395 et
1389 1318 1835 1416 ignoscenda
1880 1316 2314 1392 hominibus
2370 1320 2462 1392 in
2524 1319 2757 1393 altio-

573 1465 741 1519 rum
804 1465 1054 1555 rerum
1118 1436 1560 1538 cogitatione
1625 1439 1885 1521 defixis
1950 1443 2221 1539 (very
2260 1438 2747 1536 pardona.

575 1560 724 1636 bie
802 1565 898 1677 ip
975 1584 1179 1636 men
1259 1562 1469 1636 who
1555 1583 1713 1634 are
1789 1564 1886 1634 in
1968 1561 2346 1658 pursuit
2396 1560 2530 1635 ·of
2590 1561 2748 1635 the

571 1695 813 1758 most
859 1684 1387 1780 important
1438 1680 1743 1755 truths
1789 1678 1874 1753 T.
1925 1679 2130 1754 XXI.
2183 1678 2391 1773 117.)
2453 1679 2745 1757 verum

573 1806 992 1897 enimvero,
1027 1825 1072 1873 o
1126 1800 1337 1877 boni!
1387 1803 1482 1878 τὰ
1533 1801 1765 1901 μικρὰ
1809 1804 2173 1899 μυεῖσθαι
2208 1799 2359 1896 πρὸ
2398 1809 2575 1877 τῶν
2605 1831 2745 1901 με-

568 1923 850 2028 γάλων,
902 1923 1036 1995 sic
1086 1922 1487 2014 mystica
1530 1921 1679 1993 lex
1729 1930 1895 2009 est,
1945 1941 2180 2016 neq-ue
2228 1940 2517 2013 magna
2559 1942 2747 2016 pro·

569 2043 805 2119 fessos
854 2064 1092 2140 parva
1123 2051 1202 2112 et
1231 2041 1547 2138 puerilia
1581 2042 1862 2113 nescire
1897 2038 2123 2125 decet.

770 2161 1060 2239 Vellem
1100 2159 1445 2259 equidem
1492 2161 1632 2234 hac
1681 2145 1893 2259 parte
1921 2157 2493 2255 disputationis,
2545 2179 2740 2256 quae

567 2285 649 2359 in
715 2282 1030 2355 aliorum
1093 2281 1663 2379 reprehensione
1729 2291 2113 2355 consumta
2160 2289 2280 2350 est
2294 2330 2318 2368 ,
2384 2298 2734 2376 superse-

570 2400 746 2476 dere
795 2404 1227 2501 potuissem.
1332 2400 1483 2476 Sed
1535 2404 1871 2499 quaestio
1922 2403 2125 2497 ipsa,
2193 2401 2283 2474 in
2336 2418 2571 2497 quam
2621 2400 2733 2472 in-

567 2525 798 2619 gressi
849 2544 1132 2608 sumus,
1178 2532 1447 2593 natura
1494 2542 1629 2592 sua
1682 2539 1849 2594 cum
1902 2540 1995 2590 ea
2045 2539 2276 2591 causa
2337 2520 2734 2615 conjuncta

561 2653 719 2730 est,
782 2662 988 2734 cujus
1051 2640 1165 2711 illi
1227 2639 1722 2734 patrocinium
1786 2650 2296 2736 susceperunt.
2430 2640 2728 2714 Etenim

567 2759 664 2834 de
712 2759 1234 2850 mysteriorum
1286 2777 1550 2851 genere
1601 2758 2021 2858 quaerimus
2074 2780 2163 2829 eo
2220 2758 2441 2857 quod
2484 2782 2534 2834 a
2570 2759 2730 2833 Pla-

563 2879 860 2954 tonistis
926 2878 1495 2965 auctoritatem,
1549 2900 1598 2950 a
1662 2874 2065 2952 Chaldaeis
2118 2881 2463 2973 speciem
2516 2877 2730 2954 disci·

563 2996 815 3095 plinae
880 2999 1196 3095 accepit,
1274 3018 1585 3094 quorum
1636 2995 1808 3069 illes
1859 2997 2295 3071 Platonicae
2347 2999 2727 3074 doctrinae

563 3118 1005 3215 interpretes
1053 3118 1630 3214 perfectissimos
1643 3168 1667 3206 ,
1715 3115 1853 3189 hos
1901 3118 2141 3220 ipsius
2192 3118 2541 3194 Platonis
2592 3115 2718 3189 do·

565 3248 804 3312 ctores
884 3237 1114 3312 fuisse
1194 3235 1560 3331 Taylorus
1576 3289 1599 3328 ‚
1675 3238 1979 3333 ejusque
2056 3249 2468 3314 sectatores
2531 3234 2715 3311 affir-

563 3367 794 3430 mant.
888 3354 1166 3430 Contra
1218 3379 1402 3454 quos
1452 3379 1604 3430 non
1655 3355 1826 3454 plus
1881 3355 2120 3430 dicam
2174 3382 2423 3457 quam-
2456 3355 2557 3432 ad
2603 3357 2707 3428 in·

561 3478 901 3550 stitutum
966 3479 1307 3576 pertinet.
1427 3476 1541 3551 Ac
1602 3479 1935 3577 primum
1985 3499 2127 3574 pro
2180 3499 2534 3553 conceoeo
2584 3495 2733 3566 va<

559 3597 749 3686 leat,
814 3600 1173 3691 mysteria
1219 3598 1401 3686 ista,
1465 3619 1779 3695 quorum
1832 3598 2116 3670 mentio
2170 3609 2286 3672 est
2336 3601 2416 3672 in
2469 3596 2707 3671 Plato-

557 3720 893 3792 nicorum
944 3718 1261 3814 scriptis,
1312 3719 1669 3815 privatim
1724 3716 2090 3791 celebrata
2141 3739 2309 3791 esse
2348 3730 2426 3790 et
2462 3718 2545 3789 in
2581 3727 2706 3785 an-

559 3837 768 3934 gulis.
902 3834 1130 3932 CuJ‘us
1210 3840 1495 3932 generis
1561 3859 1769 3912 sacra
1833 3848 2008 3936 post
2072 3839 2374 3936 imperii
2436 3829 2704 3908 Persici

559 3978 896 4031 occasum
968 3969 1042 4030 et
1104 3956 1339 4029 multo
1404 3960 1639 4052 magis
1704 3958 1844 4032 sub
1905 3957 2413 4030 Romanorum
2465 3949 2699 4024 domi-

558 4089 736 4153 natu
799 4078 877 4150 in
944 4073 1103 4150 dies
1152 4077 1371 4173 plura
1418 4079 1793 4153 insinuata
1842 4090 2050 4166 sunt,
2114 4073 2540 4150 auctoribus
2590 4063 2696 4139 di·
2837 4047 2840 4080 ¹
