2873 4897
458 331 563 407 68
892 330 901 341 ’
1173 336 1463 393 LIBER
1514 331 1898 391 PRIMUS.

466 503 810 589 ductum,
875 508 963 573 ut
1023 499 1106 571 in
1172 495 1524 579 omnibus
1575 494 1832 569 causis
1868 490 2337 587 ambiguum,
2385 492 2509 563 ita
2563 490 2660 561 in

465 624 603 697 hac
653 620 846 695 adeo
866 694 875 701 ,
898 617 1320 695 invalidum
1373 628 1525 706 est,
1576 626 1661 690 ut
1711 612 1822 689 ab.
1859 612 2397 688 Ecclesiasticis
2447 610 2660 682 scri·

467 742 809 842 ptoribus
858 741 941 813 in
993 742 1439 815 contrariam
1489 748 1785 834 partem
1831 734 2190 808 trahatur.
2269 731 2376 805 Hi
2429 732 2662 805 enim

466 863 859 958 mysteria,
892 857 1064 939 ideo
1136 880 1183 931 a
1231 860 1660 956 promiscuo
1712 877 1853 928 usu
1904 864 2189 927 secreta
2237 852 2476 926 fuisse
2537 851 2664 925 af-

470 985 768 1058 firmant
782 1032 804 1069 ,
855 1002 951 1053 ne
1002 977 1387 1081 turpitudo
1443 998 1705 1073 eorum
1746 983 2177 1073 patesceret.

1403 1232 1471 1332 ξ.
1580 1233 1698 1308 10.

678 1457 1123 1555 Priusquam
1162 1456 1490 1533 ulterius
1509 1453 2098 1553 progrediamur,
2149 1455 2407 1528 omnia
2446 1474 2663 1550 quae

466 1582 830 1667 ‚hactenus
882 1575 1479 1673 disputavimus,
1543 1578 1627 1651 in
1678 1576 1985 1653 brevem
2036 1596 2412 1649 summam
2468 1594 2665 1645 con-

475 1701 827 1774 feramus.
940 1695 1179 1792 Vulgo
1212 1695 1600 1779 ,creditum
1650 1716 2032 1775 sacrorum
2079 1696 2301 1769 initia
2351 1715 2399 1766 a
2449 1692 2663 1766 viris

477 1816 924 1917 quibusdam
1002 1816 1496 1913 prudentibus
1569 1815 1669 1890 ad
1695 1890 1704 1897 ,
1732 1814 2320 1917 conservandam
2386 1833 2663 1885 rerum

473 1938 905 2014 divinarum
955 1936 1388 2024 scientiam,
1453 1937 1922 2033 posterisque
1973 1931 2451 2020 tradendam,
2525 1952 2662 2003 sa-
2711 1992 2728 2009 .

472 2057 789 2131 lubriter
855 2055 1284 2152 utiliterque
1337 2056 1740 2127 constituta
1791 2076 1954 2127 esse
2002 2056 2216 2152 quasi
2266 2048 2661 2150 quaedam

412 2249 425 2261 ,
471 2177 889 2274 sapientiae
961 2174 1449 2269 receptacula.
1580 2173 1773 2246 Eam
1840 2174 2274 2271 opinionem
2339 2171 2661 2247 elevare

474 2296 725 2369 conati
790 2315 1086 2383 sumus,
1153 2294 1428 2385 tribus,
1494 2304 1580 2368 ut
1627 2293 1850 2369 nobis
1901 2292 2236 2383 videtur,
2288 2292 2659 2387 gravissi-

469 2418 617 2492 mis
683 2415 1169 2512 argumentis3
1237 2437 1388 2489 uno
1404 2468 1428 2504 ,
1497 2412 1702 2511 quod
1760 2415 2053 2490 nullum
2118 2392 2481 2488 idoneum
2539 2421 2658 2484 te-

471 2549 666 2611 stem
714 2536 1012 2623 habeat,
1065 2534 1328 2622 altero,
1380 2532 1582 2627 quod
1624 2556 1673 2603 a
1714 2531 2250 2606 consuetudine
2292 2543 2655 2608 veterum

468 2657 869 2757 ,ablron-eat
884 2704 906 2741 ,
973 2654 1195 2724 tertio
1212 2703 1234 2738 ,
1300 2648 1508 2746 quod
1573 2672 1743 2725 cum
1807 2648 2126 2747 publicis
2181 2652 2655 2730 Graecorum

469 2770 953 2867 religionibus
1009 2782 1345 2844 constare
1394 2792 1548 2844 non
1598 2772 1876 2867 possit3
1929 2791 2304 2869 quumque
2339 2774 2652 2870 praevi-

471 2891 817 2964 deremus
883 2891 1046 2964 fore
1060 2941 1084 2980 ,
1153 2894 1283 2989 qui
1351 2892 1792 2964 esotericam
1846 2888 2264 2968 doctrinam
2316 2916 2652 2992 perpau-

471 3014 576 3087 cis
626 3022 888 3085 notam
941 3021 1357 3100 excusaret,
1408 3012 1610 3084 hunc
1657 3022 2168 3111 praetextum,
2219 3025 2304 3086 ut
2355 3037 2449 3088 ex
2504 3036 2649 3089 va·

469 3155 569 3206 no
624 3132 975 3205 haustum
995 3184 1018 3221 ,
1088 3131 1481 3227 rejecimus
1532 3133 1900 3230 simulque
1954 3132 2415 3208 ostendimus
2431 3186 2454 3222 ‚
2508 3156 2646 3206 ne-

470 3274 615 3349 que
675 3254 1142 3327 reverentiae
1211 3248 1575 3339 officium,
1654 3274 1894 3349 neque
1986 3253 2265 3327 silentii
2339 3255 2645 3352 religio-

467 3393 682 3461 nem,
732 3394 881 3470 qua
930 3371 1485 3448 Eleusiniorum
1537 3371 1858 3445 cultores
1909 3394 1991 3445 se
2042 3373 2440 3447 obstrictos
2500 3397 2645 3472 pu-

471 3503 748 3583 tarunt,
800 3491 1185 3566 doctrinae
1225 3491 1597 3586 ejusmodi
1646 3490 1872 3565 fidem
1911 3493 2192 3566 afferre.
2246 3493 2399 3568 Sed
2433 3491 2642 3595 qnod

466 3613 714 3709 primo
765 3612 933 3686 loco
985 3611 1311 3687 diximus
1327 3664 1350 3701 ,
1400 3611 1650 3688 nullos
1719 3624 1974 3686 extare
2033 3625 2301 3705 testes,
2364 3613 2450 3690 id
2517 3637 2638 3687 ac-

471 3829 594 3885 582.
629 3832 693 3886 C.
736 3832 819 3906 μὴ
867 3837 1228 3906 σεμνοτέρους
1273 3831 1686 3905 ἀποφαίνωμεν
1720 3830 1849 3894 τοὺς
1882 3838 2320 3906 προςκυνοῦντας
2353 3840 2467 3895 τοῖς
2502 3834 2631 3887 δαι-

468 3907 712 3972 μονίοις,
761 3905 818 3957 οἳ
863 3907 1070 3957 θᾶττον
1117 3900 1189 3956 ἂν
1232 3905 1332 3957 τοῦ
1379 3907 1613 3974 αἵματος
1659 3899 1695 3969 ἢ
1745 3899 1931 3974 λόγων
1977 3905 2129 3958 ἐστὶν
2164 3895 2245 3960 ὧν
2276 3904 2631 3977 μεταδιδοῖεν

468 3980 582 4035 τοῖς
628 3970 903 4046 ἀμυήτοις.
951 3973 1420 4044 Paroemiographi
1466 3979 1523 4026 et
1566 3973 1760 4026 Snidas
1808 3991 1850 4026 s.
1902 3972 2189 4045 Στεγανόν
2236 4007 2309 4018 -—-
2355 3993 2518 4049 παροι
2567 3977 2628 4024 {oe

465 4040 686 4114 Βάκχης
715 4041 940 4117 τρόπον,
973 4043 1069 4099 ἐπὶ
1102 4047 1213 4099 τῶν
1245 4047 1528 4114 στεγανῶν
1561 4044 1657 4098 καὶ
1691 4045 1998 4111 σιωπηλῶγ·
2036 4048 2098 4098 αἱ
2130 4045 2241 4120 γὰρ
2269 4042 2486 4116 Βάκχαι
2533 4047 2623 4097 σι’-

465 4131 599 4181 yur.

858 4319 895 4358 θ
