2873 4897
540 298 646 374 44
772 366 777 385 ι
1255 313 1543 370 mana
1593 312 1965 372 ramus

539 470 1010 555 “adunandis
1069 473 1412 549 instituta
1476 498 1673 565 esse,
1742 490 1874 551 aut
1935 499 2033 550 ne
2095 477 2479 553 Eleun‘nia
2533 485 2722 580 qui-

539 591 737 669 dem.
851 592 1067 668 Illud·
1098 593 1317 669 adeo
1397 594 1576 671 fidei
1655 598 2057 686 absonum,
2139 609 2258 688 ut,
2342 606 2719 697 quamvis

536 714 778 791 multa
842 737 891 790 a
949 717 1569 815 mysteriosophis
1633 720 1906 795 nostris
1975 717 2178 792 dicta
2243 722 2430 811 sint,
2499 747 2722 823 qnae

533 836 895 911 homines-
936 835 1360 919 festiviores
1419 836 1667 911 ridere
1716 860 2094 936 nunquam
2146 838 2533 934 desinent,
2591 858 2722 919 ta-

533 930 1005 1032 men‘nemor
1030 956 1275 1035 adhuc
1323 955 1691 1035 affirmare
1739 961 2194 1050 sustinuerit,
2244 963 2327 1034 in
2376 964 2718 1060 singulis

531 1077 692 1152 fere
757 1078 1112 1152 Graeciae
1175 1077 1482 1153 urbibus
1544 1092 1913 1178 quotquot
1973 1083 2189 1156 annis
2252 1104 2522 1159 veram
2580 1085 2722 1162 dei

533 1193 828 1273 colendi
902 1200 1270 1272 rationem
1352 1221 1401 1273 a
1455 1199 1985 1275 sacerdotibus
2065 1201 2419 1276 traditam
2511 1229 2728 1303 esse„

533 1317 686 1393 Sed
737 1321 915 1419 quia
961 1339 1177 1392 casus
1225 1319 1421 1409 tulit,
1472 1332 1559 1393 ut
1605 1321 1993 1395 Eleusinia
2043 1334 2122 1395 et
2172 1322 2713 1403 Samothracia

525 1462 873 1537 magnam
921 1461 1104 1537 prae
1154 1441 1416 1513 ceteris
1464 1439 1747 1514 famam
1800 1455 2252 1539 consequuta
2278 1445 2456 1534 sint,
2514 1447 2716 1521 haec

528 1561 741 1636 velut
786 1559 1187 1644 seminaria
1225 1558 1594 1658 quaedam
1633 1559 1935 1636 divinae
1972 1564 2390 1660 sapientiae
2434 1567 2525 1640 in
2568 1591 2710 1642 ore
2855 1650 2856 1655 ,

356 1708 363 1719 ¹
506 1681 778 1790 „ferunt
822 1680 1128 1754 fanatici
1178 1680 1646 1778 antiquitatis
1699 1683 2040 1757 cultores.
2095 1683 2274 1757 Sine
2325 1684 2492 1758 ulla
2530 1692 2707 1785 qui-

528 1800 702 1877 dem
766 1799 1041 1875 idonea
1084 1801 1399 1874 ratione.
1462 1801 1655 1877 Nam
1706 1824 1941 1901 neque
1993 1803 2391 1877 discrimen
2443 1806 2703 1883 ullum

520 1923 1054 2016 mysteriorum
1104 1942 1154 1994 a
1203 1920 1584 1997 veteribus
1635 1922 1975 2013 traditur,
2027 1945 2268 2022 neque
2305 1925 2518 1998 credi
2554 1950 2702 2024 po-

525 2053 710 2133 test,
760 2043 954 2117 inter
1005 2062 1099 2115 ea
1147 2062 1397 2132 sacra,
1462 2064 1652 2140 quae
1715 2042 1981 2117 eodem
2049 2046 2356 2117 nomine
2423 2049 2702 2145 appel-

522 2165 681 2236 lata
759 2175 838 2236 et
910 2160 1177 2236 iisdem
1257 2161 1690 2236 numinibus
1752 2165 2112 2263 inscripta
2172 2164 2429 2255 fuere,
2525 2178 2699 2241 tan-

372 2384 383 2391 ·
523 2296 689 2358 tum
737 2282 1198 2373 interfuisse,
1249 2282 1337 2356 ut
1385 2283 1539 2357 alia
1590 2294 1980 2358 consuetas
2032 2295 2524 2385 receptasque
2594 2287 2695 2362 de

523 2405 836 2482 deorum
900 2414 1167 2510 natura
1234 2405 1628 2502 opiniones
1693 2405 2255 2493 confirmarent,
2342 2407 2500 2481 alia
2555 2410 2701 2483 tol-

517 2529 774 2604 lerent.
2488 2549 2493 2553 ·

725 2644 880 2720 Sed
938 2666 1036 2717 ne
1101 2635 1266 2741 quis
1330 2643 1520 2715 banc
1585 2644 1829 2741 ipsam
1881 2643 2445 2722 Eleusinioi-um
2499 2649 2689 2723 cele-

490 2757 866 2841 'britatem
914 2762 1308 2859 singularis
1360 2761 1746 2858 cujusdam
1796 2765 2297 2840 institutionis
2352 2781 2432 2842 et
2480 2791 2529 2842 a
2570 2793 2687 2843 ce-

510 2888 695 2961 teris
773 2884 1113 2961 diversae
1197 2896 1718 2980 argumentum
1798 2906 1959 2986 esse
2027 2882 2297 2978 ducat,
2372 2888 2685 2963 demon-

515 3007 768 3083 strabo
823 3027 1050 3104 quam
1098 3005 1380 3079 multae
1429 3006 1651 3102 hujus
1699 3008 1847 3096 rei,
1900 3026 2281 3104 quamque
2331 3010 2685 3109 probabi-

513 3130 624 3203 les
675 3150 942 3203 causae
989 3128 1266 3227 partim
1316 3127 1528 3222 fingi,
1580 3129 1859 3226 partim
1912 3128 2322 3221 excogitari
2371 3130 2681 3244 possint.

510 3249 766 3324 Prima
816 3269 1039 3324 causa
1086 3246 1234 3320 fuit
1282 3249 1607 3322 civitatis
1645 3249 1906 3347 ipsius,
1959 3250 2166 3344 cujus
2196 3248 2348 3323 hoc
2382 3271 2678 3323 sacrum

388 3431 397 3438 .
515 3382 710 3463 erat,
779 3366 1135 3470 splendor
1199 3383 1274 3442 et
1324 3367 1742 3466 amplitudo
1796 3367 2002 3443 domi
2057 3369 2381 3468 bellique
2419 3382 2674 3467 parta,

512 3505 703 3592 quae
753 3490 1102 3566 omnibus
1152 3490 1374 3586 hujus
1424 3492 1663 3586 gentis
1725 3489 1941 3563 factis
1989 3491 2461 3585 inventisque
2507 3501 2670 3582 gin»

510 3615 698 3687 tiam
764 3623 842 3685 et
903 3612 1418 3686 auctoritatem
1484 3607 2007 3696 circumdabat.
2124 3606 2469 3681 Secunda
2531 3606 2668 3678 do-

502 3735 990 3810 mesticorum
1052 3733 1499 3830 scriptorum
1563 3729 1967 3805 multitudo
2034 3742 2110 3803 et
2159 3729 2453 3803 claritas
2468 3777 2492 3815 ‚
2543 3747 2664 3797 res

513 3856 796 3956 patrias
872 3854 1271 3953 praeconio
1354 3873 1494 3927 suo
1558 3851 2132 3925 nobilitantium.
2211 3872 2286 3922 v.
2354 3846 2660 3922 Sallust.

512 3974 673 4052 Cat.
724 3976 919 4052 vm.
972 3976 1044 4049 2.
1095 3974 1351 4049 Tertia
1401 3974 1585 4063 loci,
1636 3972 1767 4046 ubi
1817 3971 1962 4046 dea
1998 3967 2663 4046 beneficentissima

513 4098 692 4172 olim
768 4119 814 4173 a
863 4099 1101 4193 longis
1165 4094 1539 4170 erroribus
1606 4094 1973 4193 requiesse
2023 4088 2493 4176 credebatur,
2545 4108 2658 4158 re-
