2873 4897
882 373 1577 432 ananelum.
2151 370 2295 444 211

201 534 415 609 Attica
463 554 511 606 a
561 531 868 606 Boeotis
920 533 1116 607 bello
1168 548 1665 634 premeretur,
1713 539 1795 610 in
1845 560 2041 635 pago
2092 538 2302 635 Hya-

203 654 408 727 cintho
460 653 904 727 sacrificatas
953 675 1156 745 esse;
1207 676 1434 729 unam
1487 668 1666 729 natu
1716 660 2129 733 maximam
2161 660 2303 734 hoc

199 774 324 847 fato
368 772 786 847 defunctam
836 773 1068 849 tradit
1104 775 1561 851 Demaratus
1611 778 1692 850 in
1723 776 2300 874 Tragodumenis
2462 804 2467 821 ‘

202 896 682 969 convenienter
717 893 1089 992 Euripidi,
1143 897 1350 990 cujus
1402 895 1730 970 fabulam
1787 896 2038 972 dedita
2072 923 2302 998 opera

205 1015 587 1112 exposuisse
651 1013 987 1106 videtur3
1052 1014 1561 1113 Apollodorus
1630 1016 1808 1091 item
1882 1041 2101 1093 unam
2169 1020 2303 1094 sed

201 1146 342 1208 natu
383 1136 800 1224 minimam,
852 1147 1002 1208 tres
1055 1148 1302 1209 autem
1351 1137 1678 1234 reliquas
1718 1142 2070 1240 (quatuor
2104 1144 2299 1214 enim

203 1256 568 1352 enumerat)
616 1256 1044 1331 voluntaria
1086 1268 1331 1330 morte
1381 1256 1679 1347 obiisse,
1731 1270 1809 1330 et
1836 1258 2094 1355 paullo
2129 1272 2301 1333 ante

206 1375 610 1470 singularum
659 1377 1135 1450 matrimonia
1185 1389 1501 1479 enarrat,
1552 1378 1727 1450 licet
1775 1379 2126 1477 innuptas
2162 1383 2302 1453 im-

202 1495 473 1569 molatas
540 1518 709 1569 esse
756 1518 878 1569 res
925 1498 1095 1595 ipsa
1146 1509 1223 1570 et
1272 1496 1604 1570 solemne
1654 1520 1931 1571 nomeu
1983 1502 2302 1601 Hac-95—

203 1644 296 1692 νοι
348 1614 684 1690 declaret.
798 1615 1144 1715 Denique
1206 1614 1409 1691 idem
1489 1616 1996 1715 Apollodorus
2048 1618 2302 1693 Minoe

207 1731 480 1810 Atticam
532 1733 925 1810 obsidente
976 1740 1299 1835 quinque
1332 1737 1741 1831 Hyacinthi
1790 1738 2133 1834 inquilini
2162 1738 2304 1811 La-

206 1854 616 1932 cedaemonii
679 1856 872 1929 filias
939 1856 1143 1956 apud
1210 1880 1415 1931 aram
1471 1854 1821 1953 Cyclopis
1869 1858 2301 1931 immolatas

208 1996 353 2066 esse,
394 1977 589 2051 unde
640 1988 850 2075 patet
890 1979 1206 2051 nomina
1243 1977 1629 2072 Hyadum,
1679 1975 2086 2069 Hyacinthi
2130 1979 2301 2074 pagi

209 2106 268 2167 et
315 2096 704 2191 Hyacinthi
767 2096 1339 2172 Lacedaemonii
1403 2107 1715 2196 propter
1765 2097 2150 2170 fortuitam
2204 2100 2302 2170 si-

204 2216 649 2291 militudinem
689 2218 798 2311 ‘in
861 2238 1093 2290 unum
1157 2216 1466 2290 confusa
1490 2226 1614 2288 .et⁴
1642 2228 2029 2319 praeterea
2077 2218 2301 2311 virgi-

209 2356 354 2409 num
389 2358 693 2426 nomen,
745 2346 1029 2426 ortum,
1078 2346 1397 2410 aetatem
1451 2346 1529 2409 et
1576 2357 1969 2407 numerum
2014 2338 2124 2408 ita
2172 2358 2302 2409 va-

210 2456 301 2528 rie
352 2459 608 2534 tradita
672 2478 836 2531 esse
899 2468 988 2531 ut
1050 2457 1537 2531 manifestum
1586 2457 1754 2544 fiat,
1818 2454 2105 2530 nullum
2159 2467 2304 2527 tra-

208 2573 494 2654 dfflu‘um
553 2578 863 2652 alterius
931 2600 1015 2652 se
1078 2578 1565 2653 obstrinxisse
1632 2575 2110 2663 auctoritate,
2176 2596 2302 2646 ne·

206 2691 351 2768 dum
398 2710 476 2772 ut
523 2721 784 2772 omnes
835 2721 928 2771 ex
975 2699 1352 2772 communi
1399 2695 1733 2794 quodam
1784 2694 1992 2767 fonte
2040 2693 2305 2767 hause-

205 2814 353 2907 rint3
415 2842 555 2917 quo
623 2841 775 2892 uno
843 2819 1197 2916 exemplo
1249 2839 1344 2889 ex
1387 2813 2058 2889 imiumerahilibus
2108 2811 2308 2886 dele-

206 2948 300 3006 cto
357 2940 677 3033 arguitur
742 2959 1000 3011 eorum
1050 2937 1467 3024 temeritas,
1547 2936 1675 3031 qui
1727 2957 1819 3005 ex
1868 2934 2104 3007 variis
2157 2930 2304 3005 dis·

208 3054 648 3156 cordibusque
717 3071 1108 3155 poetarum
1161 3067 1238 3129 et
1285 3054 2003 3151 mythographorum
2056 3072 2306 3123 narra·

210 3174 508 3250 tiunculis
574 3177 927 3274 antiquae
989 3175 1234 3250 famae
1295 3175 1617 3250 formam
1682 3181 1761 3244 et
1812 3172 2022 3268 quasi
2075 3171 2303 3243 linea-

210 3308 418 3369 menta
462 3299 883 3392 recognosci
936 3317 1160 3395 posse
1196 3304 1517 3393 sperant.
1568 3293 1952 3365 Postremo
1982 3288 2305 3379 fuerunt,

213 3415 311 3506 qui
352 3414 748 3513 Agraulum
805 3413 1153 3524 Cecropis
1203 3415 1433 3488 filiam
1488 3421 1829 3509 tempore
1879 3408 2057 3483 belli
2084 3410 2306 3483 Eleu-

210 3532 348 3608 sinii
393 3560 469 3609 se
518 3560 662 3636 pro
711 3539 957 3635 patria
1001 3533 1400 3609 devovisse
1429 3542 1814 3606 narrarent
1838 3529 2089 3604 Schol.
2120 3530 2305 3624 Aug.

212 3650 286 3723 ad
338 3655 544 3730 Dem.
594 3681 673 3756 p.
730 3656 896 3730 168.
956 3654 1080 3728 vel
1143 3653 1535 3727 Erechthei
1604 3651 1801 3724 filias
1877 3647 2308 3743 Aglaurum‚

213 3766 459 3851 Hersen
535 3789 612 3849 et
675 3774 1132 3850 Pandrosum
1201 3786 1519 3846 mortem
1585 3770 2045 3868 oppetivisse
2113 3765 2310 3840 dice-

213 3907 374 3984 rent,
451 3895 698 3969 Schol.
777 3893 1083 3969 Aristid.
1147 3916 1222 3991 p.
1291 3891 1441 3964 41.-
1476 3910 1718 3987 neque
1781 3909 1935 3960 non
2002 3884 2310 3994 ambigit

218 4007 419 4087 schol.
468 4014 722 4114 Apoll.
773 4017 827 4088 1.
880 4015 1054 4089 211.
1097 4005 1433 4099 Procris,
1507 4006 1784 4082 Creusa
1836 4018 1911 4079 et
1962 4005 2312 4094 Orithyia

218 4123 529 4232 Cecropis
581 4136 857 4209 suerint
906 4157 1002 4208 an
1053 4131 1466 4208 Erechthei.
1521 4125 1684 4219 Quo
1734 4129 1982 4203 miuus
2036 4123 2313 4196 utimur
2362 4169 2375 4182 ,

1718 4245 1817 4318 14
1868 4248 1913 4297 *
