2873 4897
530 354 685 429 708
1167 357 1458 415 LIBER
1509 356 2032 411 SECUNDUS.

530 552 604 625 p.
657 524 829 599 219.
878 507 1010 597 ed.'
1054 513 1472 610 Schweigh.
1527 513 1655 610 qui
1705 510 2099 589 decausis
2165 516 2657 590 sacrificiorum

530 645 936 731 disserens,
1004 641 1160 729 his,
1229 658 1422 734 quae
1477 632 1637 707 'diis
1701 632 2143 728 offerantur,
2196 661 2289 710 eo
2339 640 2494 732 ipso
2542 660 2658 710 au-

528 788 690 843 ram
744 759 1137 861 quandam.
1171 757 1411 832 divini
1466 756 1746 851 vigoris
1798 742 2238 854 participari
2281 755 2656 829 contendit:

528 880 1095 989 μεταλαμβάνει
1159 880 1289 956 καὶ
1358 876 1557 954 αὐτὰ
1608 887 1750 989 τῆς,ἱ
1790 875 2007 961 θείας
2060 874 2523 978 ἄγαθότητος
2566 878 2658 963 ὥς

529 1008 657 1085 καὶ
699 1003 918 1090 θείας
947 997 1316 1104 ἐνεργείας
1342 994 1910 1076 ἐνδείκνυσθαι·
1965 994 2094 1073 καὶ
2122 999 2275 1100 γὰρ
2305 999 2656 1097 ἐπιληψίας

534 1158 648 1213 τις
703 1120 1185 1227 ὡμολόγησεν
1237 1116 1723 1216 ἀπηλλάχθαι
1773 1117 1906 1195 διὰ
1955 1126 2089 1213 τῆς
2130 1128 2292 1196 τῶν
2329 1117 2648 1196 τοιούτων

533 1243 1015 1348 μεταλήψεως
1079 1240 1207 1317 καὶ
1270 1227 1606 1336 χαλάζας
1668 1239 1798 1315 καὶ
1862 1234 2256 1335 θαλάσσης
2305 1237 2655 1324 κλύδωνας

540 1371 812 1443 ἔπαυσε
865 1362 997 1440 διὰ
1048 1370 1208 1438 τῶν
1259 1358 1626 1448 τοιούτων
1678 1356 2031 1445 πολλάκις
2068 1358 2325 1438 ὁσίων.
2379 1382 2552 1458 quos
2577 1358 2659 1432 ad

536 1508 714 1561 usus
780 1482 1088 1556 ecclesia
1136 1502 1450 1554 romana
1500 1480 1853 1579 reliquias
1907 1478 2357 1554 Sanctorum
2407 1482 2685 1578 aliaque

538 1627 750 1680 sacra
801 1599 1238 1702 comparata
1289 1598 1534 1675 habet.
1589 1599 1788 1691 Quin
1813 1609 2158 1698 apparet,
2202 1601 2415 1675 illum
2443 1601 2664 1674 Ponti-

536 1727 871 1809 ficiorum
912 1746 1201 1797 morem
1249 1725 1468 1796 certis
1511 1714 1976 1820 temporibus
2017 1742 2268 1793 cereos
2315 1722 2663 1821 paschales

541 1858 617 1920 et
655 1856 883 1940 agnos
930 1843 1055 1916 dei
1091 1842 1424 1938 aliasque
1468 1864 1586 1914 res
1633 1853 2097 1915 consecratas
2129 1844 2416 1940 populo
2449 1841 2662 1916 distri·

540 1964 816 2041 buendi
836 1965 930 2063 [¹²]
1001 1987 1049 2036 a
1118 1963 1424 2035 Graecis
1475 1963 2015 2059 Romanisque,
2080 1961 2285 2036 unde
2348 1964 2657 2063 pleraque

538 2062 895 2174 istorum,
964 2081 1368 2156 deductum
1434 2104 1619 2155 esse.
1737 2080 1907 2157 Jam
1973 2093 2088 2155 ut>
2123 2082 2223 2156 ad
2290 2085 2659 2183 Apulejum

542 2215 900 2295 revertar,
934 2202 1155 2277 'unde
1207 2203 1392 2275 haec
1431 2206 1797 2300 processit
1840 2201 2281 2301 disputatio,
2333 2208 2533 2302 cujus
2567 2228 2664 2300 ge-

543 2327 742 2400 neris
810 2334 887 2395 et
937 2337 1195 2412 notae.
1227 2324 1505 2397 fuerint
1554 2324 1685 2398 illa
1735 2322 2120 2398 sacrorum
2172 2326 2662 2412 memoracula,

546 2445 837 2520 definiri
885 2445 1261 2518 non-licet
1309 2446 1399 2538 in,
1442 2457 1652 2518 tanta
1702 2469 1989 2537 rerum,
2042 2465 2234 2544 quae
2285 2450 2664 2544 conjectura

466 2627 471 2634 .
544 2566 934 2641 informari
996 2576 1349 2661 possunt,
1418 2567 1638 2664 copia
1689 2567 1779 2639 'et
1841 2570 2248 2660 varietate3
2317 2568 2453 2642 sed
2506 2565 2663 2642 illud

547 2684 843 2761 abunde
878 2695 1153 2782 patet,
1220 2684 1666 2783 crepundia,
1733 2710 1922 2785 quae
1987 2688 2498 2765 Madaurensis
2537 2692 2658 2761 iste

547 2819 663 2880 tot
722 2805 1100 2898 mysteriis
1165 2802 1391 2878 deum
1461 2805 1795 2880 conscius
1864 2831 1957 2881 ex
2008 2810 2425 2908 multijugis
2472 2808 2658 2884 sacris

547 2947 630 2999 se
692 2935 1116 3023 reportasse
1180 2923 1397 3014 dicit,
1462 2926 1543 2998 in
1605 2949 1863 3012 unum,
1889 2929 2033 3003 hoc
2083 2954 2350 3026 genus,
2403 2928 2584 3030 quod
2626 2949 2665 2999 a

544 3042 832 3119 Lanzio
884 3045 1376 3139 significatur,
1428 3046 1770 3120 concludi
1822 3070 1975 3123 non
2026 3065 2393 3149 oportere.

750 3162 994 3237 Venio
1055 3186 1253 3238 nunc
1316 3164 1416 3238 ad
1469 3177 1930 3263 postremum
1982 3171 2209 3263 illud,
2279 3171 2477 3271 quod
2525 3165 2662 3242 vis-

547 3285 834 3357 contius
900 3283 1000 3359 ad
1062 3285 1254 3358 hanc
1302 3308 1605 3359 causam
1645 3287 1990 3363 contulit.
2103 3294 2206 3366 Is
2227 3289 2664 3392 pyramidem

549 3395 1093 3478 clementinam
1175 3409 1258 3478 in
1337 3408 1602 3480 cistula
1668 3413 1974 3508 antiqua
2035 3412 2252 3532 apud
2306 3414 2664 3488 Praeneste

546 3534 846 3619 reperta
910 3523 1057 3596 sibi
1125 3522 1686 3623 deprehendere
1747 3534 1957 3606 visus
2010 3545 2156 3606 est.
2208 3533 2273 3607 Ε
2326 3558 2444 3609 un
2489 3559 2536 3634 p
2556 3553 2663 3605 ez-

552 3651 811 3713 zetto
880 3640 974 3715 di
1037 3646 1472 3736 metallo,
1542 3648 1705 3722 che
1770 3650 1884 3725 ha
1946 3653 2036 3727 la
2086 3654 2391 3729 forma
2440 3654 2523 3728 d·
2566 3673 2657 3724 un

550 3763 900 3884 prisma
965 3766 1596 3862 triangulare,
1662 3769 1771 3843 ed
1841 3768 1884 3843 ὲ
1937 3773 2199 3847 forse
2251 3775 2340 3849 la
2388 3789 2658 3850 stessa

588 4031 597 4038 ·
575 3999 858 4123 ηυξ-μ
896 4002 1154 4057 Si.rmond
1191 4004 1260 4060 ad
1294 4006 1535 4060 Gennad.
1571 4007 1753 4134 less.
1795 4011 2155 4066 159.‘1·.xl.
2204 4014 2349 4068 Gan.
2396 4008 2660 4068 etEVO·

842 4088 904 4127 ra
964 4071 1099 4128 l'nso
1147 4091 1298 4131 sacro
1335 4077 1478 4146 degli
1521 4080 1672 4148 Αςιιο
1778 4098 1830 4152 p.
1884 4082 2002 4136 152.
2050 4083 2106 4136 in
2151 4084 2322 4154 διιεῖ
2366 4084 2415 4138 d.
2465 4083 2656 4137 nm

546 4076 761 4194 ⁸Con-ton.
854 4143 995 4198 ..VI
1033 4143 1243 4216 p.152.
