2873 4897
803 299 1495 362 εικυειΝιι
2068 287 2215 362 zu

149 487 276 577 χεῑα
315 478 612 553 θέοντα.
711 469 1078 565 Taylerus
1126 467 1294 565 pari
1345 462 1617 562 ubique
1665 465 2004 539 acumine
2055 461 2224 535 Plo..

157 603 257 672 tini
301 610 370 670 et
391 593 679 669 Proculi
728 589 960 666 verba
998 609 1139 687 pro
1181 584 1524 662 versibus
1555 574 2009 658 Zoroastren
2044 606 2224 659 ven-

157 720 280 807 dit,
359 727 578 813 atque
644 711 830 786 adeo
899 708 1344 783 Homericos
1419 727 1683 780 versus
1744 708 1920 782 Ἀλλ’
1995 709 2225 802 ἄλλην

157 841 339 937 ἐνίησι
383 836 621 934 πατὴρ
671 830 1121 931 ἐναρίθμιον
1169 828 1360 905 εἶναι
1409 825 1553 899 Od-
1582 837 1698 903 M.
1735 824 1856 899 56.
1900 838 1977 898 et
2015 828 2227 905 Ἀλλὰ

163 961 303 1043 Ζεὺς
346 954 693 1055 πρότερος
741 948 1029 1055 γεγόνει
1078 948 1207 1024 καὶ
1255 946 1559 1023 πλείονα
1604 948 1750 1044 ᾔδη
1799 947 1884 1019 ll.
1936 956 2030 1024 N.
2054 946 2228 1020 355.

165 1100 335 1176 quum
379 1076 571 1148 forte
620 1071 821 1170 apud
871 1069 1261 1142 Proculum
1325 1068 1661 1161 legisset,
1733 1067 2079 1139 continuo
2142 1067 2234 1138 il-

167 1202 284 1271 lum
321 1193 704 1270 Chaldaeis
753 1190 1148 1286 adscripsit
1198 1187 1280 1261 T.
1334 1185 1569 1260 XVII.
1623 1185 1798 1260 257.
1850 1176 2047 1258 hunc
2098 1184 2234 1258 Or·-
2363 1254 2367 1258 ,

171 1320 314 1417 pheo
368 1317 448 1389 T.
499 1314 704 1388 XXI.
757 1311 929 1385 253.
994 1321 1070 1381 et
1134 1306 1306 1379 361.
1369 1306 1517 1379 nisi
1576 1306 1770 1380 forte
1819 1305 2238 1379 Homerum

171 1460 396 1535 queque
441 1448 520 1509 et
567 1433 946 1531 Orpheum
1002 1428 1299 1501 oracula
1345 1426 1480 1499 illa
1543 1438 1619 1498 et
1666 1427 1933 1522 legisse
1990 1437 2068 1499 et
2116 1449 2242 1499 ex-
2294 1426 2325 1447 ⁸

175 1561 463 1654 pressisse
524 1555 861 1653 putavit,
933 1548 1135 1649 quod
1197 1546 1294 1619 de
1355 1545 1669 1619 Platone
1733 1549 1958 1619 etiam
2022 1558 2242 1643 atque

180 1681 346 1751 etiam
392 1674 721 1749 affirmat.
821 1673 1068 1769 Atque
1120 1692 1211 1758 ea
1256 1667 1445 1741 mihi
1494 1668 1717 1739 causa
1750 1665 1931 1754 fuit,
1983 1690 2113 1739 cur
2151 1648 2246 1741 de

179 1797 288 1870 hoe
330 1800 476 1872 vire
489 1849 510 1886 ,
590 1816 808 1892 quem
862 1790 1274 1865 'Creuzerus
1336 1786 1793 1859 nostratibus
1858 1784 2249 1859 studiosis-

184 1920 321 1989 sime
360 1913 859 2003 cemmcndat,
909 1910 1164 2010 paullo
1219 1908 1549 2005 apertius
1601 1905 1958 1994 dicerem,
2024 1928 2248 2003 quam

188 2060 339 2109 meus
378 2059 534 2109 mos
585 2036 766 2125 fert,
840 2033 1048 2105 nullo
1091 2025 1441 2125 Jnrgandi
1489 2024 1778 2114 studia,
1849 2023 1984 2096 sed
2030 2048 2129 2101 ne
2192 2027 2252 2098 ii

188 2157 500 2245 fananum,
573 2157 705 2252 qui
767 2154 933 2229 aliis
998 2148 1267 2224 studiis
1334 2146 1708 2243 mamati,
1780 2166 1965 2243 ques
2030 2143 2253 2221 duce·

189 2290 511 2373 seqmntur
524 2327 550 2365 ,
602 2273 1038 2371 plerumque
1085 2269 1443 2342 nesciunt.

798 2558 1063 2573 m

578 2787 1565 2894 EPIMETRUM
1668 2785 1796 2880 V.

842 3013 939 3078 acl
995 3020 1054 3094 §-
1112 3012 1212 3077 15.
1271 3015 1428 3071 net.
1488 3025 1542 3068 e.

347 3242 677 3338 Toupius
754 3233 1070 3311 Emend.
1154 3231 1239 3304 Τ.
1319 3229 1448 3302 III.
1538 3226 1710 3299 318.
1797 3233 1874 3295 et
1954 3218 2277 3314 Ilgenins

202 3354 407 3453 opusc.
461 3359 650 3435 Phil.
702 3383 776 3456 p.
829 3355 1002 3429 274.
1067 3351 1500 3449 ἐπιπέμπειν
1551 3346 1776 3424 ἀντία
1824 3341 1950 3418 vel
2003 3341 2279 3416 ἄνταῖα

201 3479 572 3568 emendant,
624 3477 1060 3556 Welckerus
1105 3475 1186 3546 in
1228 3465 1546 3568 specim.
1571 3469 1667 3545 11.
1716 3465 1969 3563 Epigr.
2000 3457 2073 3531 6.
2126 3459 2281 3532 ἐπι-

203 3598 456 3695 πέμπειν
506 3599 703 3677 &vta
752 3602 945 3692 (vex
984 3589 1310 3692 poetica)
1362 3607 1675 3687 querum
1725 3581 1915 3657 nihil
1967 3596 2284 3673 egemus.

205 3709 290 3790 De
327 3719 743 3795 nominibus
797 3714 1141 3819 ἐπαγωγὴ
1185 3724 1260 3784 et
1303 3706 1675 3809 ἐπιπομπὴ
1716 3699 2094 3802 praeclare
2137 3691 2287 3767 dis-

205 3849 371 3930 putat
417 3839 899 3914 Ruhnkenius
966 3833 1063 3907 ad
1114 3831 1305 3905 Tim.
1368 3853 1444 3929 p.
1502 3826 1669 3900 114.
1736 3822 1869 3895 secl
1932 3816 2291 3913 significa-

211 3954 437 4033 tionem
487 3961 715 4032 nimis
770 3964 1123 4043 coarctat3
1189 3968 1534 4045 „genus
1586 3940 2053 4041 quoddam
2104 3940 2292 4010 θεα-

209 4065 437 4179 Υώγίᾶς
516 4078 670 4154 vel
738 4072 1227 4178 ψυχαγωγίας
1309 4081 1451 4142 est
1532 4062 1918 4165 ἐπαγωγὴ,
2024 4073 2295 4152 quum
