2873 4897
571 360 676 434 76
1289 376 1578 432 mssa
1628 376 2002 432 ramus.

572 537 845 636 ὠφελεῖ
901 537 1030 612 και
1093 539 1300 638 παρὰ
1361 538 1630 639 καιρὸν
1695 540 1823 615 καὶ
1882 538 2073 638 μετὰ
2121 538 2409 623 θὺσίας
2459 538 2545 615 δὲ
2602 541 2742 616 καὶ

569 659 724 755 μετ’
796 657 1041 755 εὐχῶν
1089 660 1217 735 καὶ
1281 655 1844 764 πρσηγνευκότα
1908 658 2038 735 κάὶ
2101 658 2740 759 προδιακείιιενον

568 786 658 874 τῇ
711 776 1007 882 γνώμῃ,
1061 781 1179 856 ότι
1231 781 1452 881 ἱεροῖς
1501 777 2058 882 προςελεύσεται
2124 779 2255 854 καὶ
2304 782 2526 881 ἱεροῖς
2577 810 2738 856 πα-

567 906 821 985 λαιοῖς·
875 900 1113 985 οὕτως
1165 902 1507 1001 ωφέλιμα
1555 898 1844 1003 γίνεται
1882 899 1979 975 τὰ
2022 898 2430 1000 μυστήρια,
2482 902 2738 987 οὕτως

564 1024 669 1104 εἷς
718 1016 1152 1120 φαντασίαν
1200 1018 1622 1122 ἐρχόμεθα,
1669 1018 1792 1095 ὅτι
1841 1020 1961 1096 ἐπὶ
2008 1014 2312 1119 παιδείᾳ
2359 1020 2491 1097 καὶ
2540 1025 2737 1097 ἐπα-

561 1137 945 1239 νορθώσει
1007 1150 1145 1218 τοῦ
1194 1140 1376 1242 βίου
1408 1137 1885 1236 ’κατεστάθη
1990 1140 2248 1236 Itaque
2263 1192 2287 1229 ‚
2351 1163 2500 1237 quo
2552 1142 2736 1239 quis

558 1260 817 1333 animo
883 1256 982 1332 ad
1042 1260 1227 1333 haec
1295 1280 1509 1334 sacra
1575 1258 1878 1333 accedat
1891 1311 1914 1350 ‚
1965 1260 2204 1333 multo
2254 1261 2429 1359 plus
2465 1261 2734 1351 refert,

440 1404 469 1419 f
557 1398 807 1476 quam·
834 1377 1014 1477 quid
1064 1378 1161 1453 ab
1210 1380 1732 1481 Hierophanta
1781 1379 2062 1453 audiat,
2111 1423 2216 1437 —
2265 1378 2518 1483 Quum
2571 1380 2736 1453 Va-

556 1500 1009 1575 lentinianus
1076 1522 1287 1576 sacra
1351 1512 1716 1575 nocturna
1745 1501 2222 1590 sustulisset,
2291 1520 2432 1598 pro
2488 1500 2732 1575 Grae-

555 1642 812 1694 oorum
864 1620 1286 1696 cerimoniis
1338 1614 1776 1722 deprecatus
1828 1632 1945 1694 est
1969 1616 2505 1699 'Praetextatus
2544 1643 2733 1720 pro-

557 1734 853 1815 consuls
902 1734 1180 1820 τοῦτὸν
1226 1746 1373 1846 ’ἔφη
1423 1744 1565 1821 τὸν
1612 1739 1858 1842 νόμον
1895 1734 2250 1844 ’ἀβίωτον
2289 1743 2728 1840 τοῖςἛλλη-

557 1882 635 1939 σι
683 1861 1180 1961 καταστήσειν
1228 1864 1391 1942 τὸν’
1418 1856 1625 1965 βίον,
1678 1868 1746 1939 εἰ
1791 1865 2128 1965 μέλλοιεν
2155 1861 2588 1940 κωλύεσθαι
2617 1866 2730 1941 τὰ

553 1983 967 2080 συνέχοντα
1028 1984 1117 2061 τὸ
1185 1981 1676 2086 ἀνθρώπειον
1724 1985 1940 2088 γένος
1987 1980 2374 2087 ἁγιώτατα
2420 1982 2730 2082 μυστή-

546 2132 681 2205 ρια
729 2102 924 2179 κατὰ
972 2094 1274 2204 θεσμὸν
1322 2109 1636 2182 ἐκτελεῖν
1688 2103 1958 2177 Zosim.
1999 2102 2124 2176 IV.
2178 2103 2250 2176 3.
2321 2096 2730 2176 Eleusinia

546 2224 714 2297 sine
778 2221 1012 2297 dubio
1080 2224 1499 2320 significans
1513 2277 1535 2314 ‚
1615 2230 1810 2322 quae
1874 2225 2100 2298 etiam
2163 2218 2422 2321 Cieero
2487 2221 2725 2318 Legg.

543 2344 637 2417 Π.
696 2343 817 2419 14.
866 2347 950 2423 in
998 2347 1171 2445 ipsa
1214 2346 1413 2445 lege,
1467 2366 1659 2444 quae
1711 2360 1828 2419 est
1877 2344 1975 2416 de
2022 2343 2442 2434 nocturnis,
2505 2345 2725 2417 exei-

541 2467 663 2564 pit
707 2470 1180 2543 nominatim.
1272 2515 1279 2524 ·
1681 2511 1688 2520 ·

752 2588 964 2661 Haec
1038 2588 1198 2659 fere
1274 2594 1450 2658 sunt
1526 2575 1828 2681 potiora
1903 2594 2378 2678 argumenta,
2441 2583 2718 2683 quibus

544 2707 1081 2797 mysteriorum
1150 2701 1661 2776 buccinatores
1726 2705 1840 2776 uti
1902 2703 2150 2777 solent
2214 2702 2314 2776 ad
2365 2726 2717 2803 compro-

543 2821 878 2896 bandum
894 2876 916 2913 ‚
984 2822 1549 2922 Hierophantas
1600 2824 2248 2898 eoncionabundos
2302 2827 2544 2899 omnis
2599 2825 2718 2900 di-

542 2943 770 3019 vinae
830 2943 1208 3039 religionis
1280 2962 1358 3018 et
1405 2945 1717 3019 humani
1768 2939 1990 3018 officii
2037 2947 2408 3020 rationem
2460 2946 2715 3045 expli-

543 3063 802 3138 cuisse.
908 3062 1174 3139 Cetera
1188 3118 1210 3155 ,
1264 3088 1456 3164 quae
1506 3066 1822 3140 afferunt
1837 3119 1860 3158 ‚
1922 3077 2317 3141 versantur
2364 3068 2447 3139 in
2496 3067 2713 3142 simi-

539 3183 983 3259 litudinibus
1035 3198 1112 3260 et
1158 3187 1813 3278 translationibus,
1886 3208 2198 3286 quarum
2248 3186 2430 3284 quid
2483 3208 2711 3285 quae-

543 3327 687 3402 que
749 3304 850 3378 ad
916 3305 1445 3406 probationem
1508 3309 1874 3398 conferat,
1946 3307 2367 3406 expendere
2431 3309 2706 3381 consti-

541 3425 862 3522 mimus,
929 3427 1149 3502 initio
1217 3438 1470 3504 sumto
1538 3428 1634 3503 ab
1686 3428 2042 3523 Aeschyli
2094 3451 2356 3518 causa,
2406 3427 2505 3501 de
2556 3448 2707 3524 qua

540 3546 870 3642 primum
949 3553 1266 3648 exposui
1342 3553 1424 3625 in
1487 3550 1800 3625 Dissert.
1867 3549 1964 3624 de
2026 3549 2333 3656 Myster.
2394 3547 2700 3643 Argum.

540 3663 1059 3743 MDcccxx,

1474 3825 1541 3924 §-
1649 3823 1767 3899 12.

743 4028 1179 4124 Aeschylus,
1229 4053 1457 4130 quum
1511 4029 1706 4105 forte
1756 4030 2006 4127 aliqua
2037 4030 2118 4101 in
2162 4027 2419 4103 fabula
2457 4025 2690 4100 dixis·

540 4157 655 4219 set
706 4147 992 4249 aliquid
1041 4153 1164 4226 vel
1212 4150 1699 4252 spectandum
1749 4149 2229 4241 exhibuisset,
2278 4145 2485 4247 quod
2526 4172 2691 4223 cum
