2873 4897
456 305 512 379 4
745 322 749 333 ·
1172 307 1888 399 niman-mua

346 524 359 549 .
460 472 849 570 nauli-agia
909 472 1255 546 maxima
1319 483 1396 544 et
1459 471 1877 545 miserrima
1940 478 2608 579 praetermeantem

344 626 349 631 ’
458 593 895 671 idemtidem
949 591 1428 681 admonuere,
1476 614 1701 689 quam
1753 589 1995 664 facilis
2047 590 2149 661 sit
2197 587 2295 662 ad
2335 586 2610 663 falsum

461 716 831 790 aberratio
847 765 869 802 ‚
931 735 1151 809 quam
1218 734 1369 784 non
1431 711 1673 783 facilis
1740 709 1837 783 ab
1904 731 2153 783 errore
2214 730 2609 803 regressus.

462 836 741 909 Verum
791 832 990 906 unde
1038 830 1224 905 mihi
1264 829 1671 928 quaerendi
1710 831 2000 905 occasio
2035 838 2218 903 nata
2248 840 2386 918 est,
2434 829 2611 905 inde

462 953 833 1029 scribendi
884 952 1191 1026 ducetur
1242 949 1659 1023 exordium.
1791 984 1798 991 ·

662 1074 935 1169 Magna
994 1083 1112 1144 est
1177 1068 1385 1168 apud
1448 1074 1707 1144 omnes
1751 1064 2308 1144 {sse‘miffiorum
2363 1079 2613 1142 aucto-

460 1197 643 1267 ritas
658 1244 683 1283 ,
747 1191 1083 1264 inclitum
1134 1189 1823 1287 Hierophantarum
1873 1212 2147 1263 nomen
2162 1241 2184 1278 ‚
2236 1190 2615 1288 praeclara

458 1309 838 1388 doctrinae
902 1312 1261 1405 mysticae
1327 1312 1780 1385 existimatio
1798 1363 1819 1401 ,
1881 1309 2212 1406 nihilque
2276 1321 2434 1383 tam
2498 1332 2615 1382 ar-

459 1434 694 1507 duum
764 1430 1089 1524 cogitatu
1108 1482 1132 1520 ‚
1197 1440 1356 1503 tam
1421 1433 1890 1526 magnificum
1959 1428 2162 1502 dictu
2224 1430 2614 1526 reperitur,

458 1550 661 1652 quod
736 1571 890 1623 non
958 1550 1189 1647 aliqui
1251 1550 1335 1621 in
1401 1551 1536 1623 illo
1606 1551 2131 1647 augustissimo
2197 1530 2615 1659 mystarfim

459 1690 812 1747 consessu
862 1680 1258 1742 tractatum
1308 1681 1593 1766 putent.
1700 1668 1946 1758 Quam
2001 1671 2440 1768 opinionem
2476 1688 2615 1767 pa-

455 1794 728 1867 blicam
804 1792 1452 1885 inveteratamque
1530 1791 1598 1863 si
1677 1774 1982 1863 tollere*
2031 1776 2395 1880 conabor,
2461 1804 2616 1862 non

446 1916 610 2009 jam
677 1931 946 1987 vereor
1010 1931 1105 1983 ne
1170 1910 1611 1982 temeritatis
1677 1911 1960 1982 crimen
2001 1909 2353 2001 subeam3
2389 1908 2613 1982 'adeo

455 2054 718 2129 graves
769 2029 954 2103 mihi
1006 2039 1182 2099 sunt
1233 2027 1331 2100 ad
1384 2041 1643 2102 contra
1692 2027 2088 2103 dicendum
2141 2042 2220 2103 et
2267 2031 2617 2128 copiosae

456 2154 818 2239 rationes,
872 2148 1064 2222 adeo
1115 2168 1395 2241 magna·
1443 2160 1557 2221 est
1609 2152 1944 2245 quaestio
1981 2153 2185 2249 ipsa.
2303 2146 2495 2222 Nam
2548 2149 2613 2219 si

454 2273 587 2344 illa
646 2271 938 2357 valent,
1016 2269 1100 2339 in
1164 2254 1452 2340 vanum
1511 2254 1844 2341 recident
1909 2273 2199 2360 omnia3
2259 2286 2455 2365 quae
2499 2266 2617 2339 'de

454 2394 742 2491 priscae
794 2388 1154 2462 Graeciae
1220 2388 1427 2462 victu
1494 2398 1571 2459 et
1609 2389 1956 2461 moribus
1974 2428 2008 2477 ‚·
2065 2387 2161 2460 de
2211 2389 2447 2461 initiis
2485 2404 2618 2462 m·—

455 2513 684 2598 tium,
734 2507 1251 2605 imprimisque
1298 2505 1401 2578 de
1445 2507 1970 2604 philosophiae
2018 2531 2184 2604 sero
2233 2520 2411 2582 ortu
2461 2510 2616 2583 len-

457 2643 684 2726 toque
746 2647 1144 2726 progressu
1206 2629 1629 2724 accepimus
1646 2678 1667 2716 ,
1718 2647 1959 2724 neque
2008 2629 2123 2718 hi,
2187 2630 2320 2726 qui
2365 2629 2616 2703 ‘hacte—

456 2771 597 2823 nus
651 2745 913 2819 crediti
964 2758 1139 2819 sunt
1156 2793 1181 2834 -‚
1232 2748 1395 2822 veri
1445 2747 1946 2843 investigandi
1995 2762 2331 2823 auctores
2382 2750 2616 2839 fuere',

455 2866 615 2957 sed,
687 2889 872 2964 quos
922 2877 1145 2940 nemo
1195 2869 1613 2965 suspicatus
1667 2881 1847 2961 erat,-
1897 2871 2287 2945 sacrificuli
2337 2861 2616 2971 popae-

457 3011 619 3085 que.
724 2985 833 3059 Hi
895 3008 1079 3061 vero
1142 2989 1211 3058 si
1278 2989 1537 3061 multis
1604 3001 1777 3062 ante
1841 2989 2152 3064 Thalem
2217 2992 2486 3064 seculis
2537 3003 2616 3064 et

456 3105 596 3179 sub
663 3107 849 3202 ipsis
902 3106 1376 3201 Pelasgorum
1441 3113 1722 3207 tesquis
1789 3114 2125 3190 omnium
2177 3125 2615 3207 magnarum

455 3245 709 3300 rerum
773 3228 1158 3299 scientiam
1224 3232 1656 3326 consequuti
1723 3241 1934 3321 sunt,
2010 3231 2212 3306 haud
2277 3231 2614 3320 deerunt,

456 3348 589 3445 qui
655 3347 843 3419 ritus
896 3359 1189 3444 quoque
1240 3348 1334 3421 ab
1389 3350 1542 3422 illis
1591 3349 1978 3425 institutos
2027 3365 2105 3425 et
2153 3353 2445 3427 fabulas
2495 3353 2614 3425 his

459 3485 838 3541 connexas
903 3488 1057 3539 non
1120 3489 1216 3538 ex
1278 3473 1562 3567 specie,
1629 3489 1854 3569 quam
1922 3493 2104 3570 prae
2189 3491 2276 3545 se
2342 3472 2612 3566 ferum,

460 3584 597 3659 sed
686 3608 789 3658 ex
879 3597 1263 3661 auctorum
1348 3593 1719 3688 sapientia
1796 3588 2121 3687 judicari
2209 3583 2612 3691 postulent.

308 3727 337 3761 ¹
460 3704 676 3781 Unde
754 3708 1084 3780 orientur
1146 3712 1606 3806 suspiciones
1672 3712 2288 3803 innumerabiles,
2372 3731 2612 3811 neque

412 3897 417 3902 .
460 3825 659 3899 ullus
722 3827 1088 3904 ariolandi
1148 3831 1316 3902 finis
1383 3842 1515 3904 aut
1576 3830 1848 3906 modus
1903 3836 2063 3907 erit.
2165 3832 2363 3908 Nam
2412 3836 2609 3933 quia,

460 3944 644 4043 quid
688 3947 1110 4022 sacerdotes
1143 3949 1502 4044 Pelasgici
1541 3948 1958 4043 docuerint,
2008 3957 2370 4050 ignotum,
2415 3951 2609 4028 fflud

456 4076 709 4152 autem
768 4070 1001 4146 fixum
1063 4080 1458 4167 ratumque
1522 4084 1637 4146 est
1650 4125 1673 4160 ‚
1707 4075 1994 4191 -omnia
2043 4075 2426 4174 praeclara
2474 4071 2609 4146 do-
