2873 4897
535 308 640 386 78
1252 314 1545 371 mann
1595 313 1979 373 ramus,

536 479 742 559 idem
793 475 1090 579 publiea
1139 474 1377 566 dixit,
1452 474 1655 574 quod
1703 473 2268 574 Hierophantaffe
2291 477 2768 575 privatim,

534 601 843 691 lovem,
911 598 1346 703 Apollinem
1398 608 1478 670 et
1528 598 1874 687 oeterosf
1902 598 2034 695 qni
2082 617 2225 695 pro
2278 594 2443 671 diis
2504 598 2764 674 habe·

535 735 831 812 rentur,
911 720 1254 794 homines
1331 716 1602 812 fuisse3
1677 716 1906 818 idque
1980 716 2373 817 professus
2467 730 2607 793 est
2673 723 2761 795 in

538 824 1094 919 Prometheo
1157 839 1489 915 vincto
1539 883 1645 897 —
1695 861 1787 912 eo
1840 838 2164 929 seilicet,
2215 859 2464 937 quem
2527 839 2761 917 star-

536 966 749 1041 ekius
798 963 997 1057 legit.
1023 957 1409 1034 Freretius
1462 956 1644 1035 Sur
1693 959 1779 1033 le
1830 959 2081 1032 culte
2129 956 2242 1032 de
2276 958 2756 1037 Bacchus

531 1089 616 1160 in
678 1084 905 1160 Mem.
970 1078 1205 1155 Acad.
1254 1079 1484 1153 Inaer.
1535 1078 1621 1153 T.
1670 1078 1946 1154 xxm..
2002 1102 2080 1179 p.
2130 1079 2308 1155 266.
2382 1068 2761 1178 Aeschy»

533 1208 690 1281 lum
741 1214 961 1304 putat
1002 1203 1087 1274 in
1135 1200 1349 1274 illam
1398 1201 1902 1297 suspicionem
1956 1199 2375 1276 adductum
2433 1225 2622 1278 esse
2657 1226 2756 1278 eo

529 1326 730 1428 quod
781 1326 1113 1399 Dianam
1142 1316 1435 1395 Cereris
1477 1320 1711 1397 filiam
1755 1319 2103 1415 dixissen
2154 1321 2238 1396 id
2286 1308 2519 1398 enim
2558 1323 2752 1421 dog-

530 1470 659 1522 ma
709 1443 1181 1519 Eleusiniam
1248 1440 1483 1516 finisse
1549 1451 1627 1514 et
1689 1454 2094 1541 propterea
2158 1441 2254 1517 ab
2304 1441 2754 1518 Herodoto

532 1569 627 1644 Π.
686 1563 860 1643 156.
914 1574 992 1637 et
1039 1557 1418 1635 Pausania
1455 1559 2002 1659 Aegyptiaeum
2052 1565 2473 1655 nominari,
2531 1558 2754 1665 'quod

530 1687 820 1761 nollent
900 1683 1331 1758 Eleusiniae
1402 1679 1789 1755 doetrinae
1853 1687 2298 1779 mysterium
2368 1684 2749 1784 prodere.

530 1806 971 1911 Videamus·
993 1805 1137 1879 hoe
1190 1825 1359 1902 quo·
1388 1816 1810 1904 proserpat.
1862 1804 1950 1877 Si
1982 1803 2435 1898 Aenohylus,
2494 1828 2753 1907 quum

528 1927 628 2001 ad
678 1926 1009 2001 Dianam
1057 1923 1516 2015 transferret,
1570 1923 1774 2022 quod
1827 1925 2052 2020 vulgo
2104 1924 2204 1998 de
2253 1922 2754 2024 Proserpina

527 2044 893 2121 creditum
910 2097 934 2136 ‚
996 2047 1359 2140 mysteria
1410 2045 1829 2142 evulgavit,
1898 2044 2058 2119 fere
2106 2066 2247 2141 pro
2302 2044 2749 2142 explorato

456 2184 463 2187 ’
523 2166 784 2242 haberi
834 2176 1127 2265 potest,
1192 2168 1277 2240 in
1337 2166 1459 2240 his
1523 2167 1731 2242 illam
1784 2166 2279 2257 Theoerasiae
2332 2167 2744 2241 rationem

525 2286 886 2363 traditam
936 2308 1125 2378 esse,
1179 2308 1331 2385 qua
1378 2285 1692 2363 deorum
1744 2286 2226 2386 popularium
2276 2287 2739 2361 nomencla-

525 2419 701 2485 tura
750 2406 850 2484 ad
898 2410 1125 2484 unius
1177 2409 1544 2484 naturalis
1598 2406 1724 2483 dei
1774 2410 1940 2483 vim
1991 2418 2067 2481 et
2104 2418 2476 2480 naturam
2507 2428 2738 2483 πονο-
2817 2414 2836 2431 “

526 2541 759 2606 catur.
880 2527 1116 2625 quue
1165 2529 1477 2600 mirifice
1529 2529 1967 2600 confirmare
2013 2524 2322 2601 videtur
2375 2525 2733 2602 Heracli-

522 2649 662 2724 des
711 2647 950 2741 Aneg.
1001 2645 1127 2718 VI.
1177 2668 1255 2743 p.
1288 2644 1413 2722 21.
1467 2647 1586 2722 ὅτι
1634 2644 1904 2724 τοίνυν
1953 2646 1995 2723 ὅ
2051 2645 2286 2733 αὐτὸς
2331 2647 2729 2727 Ἀπόλλων

521 2768 710 2869 ἡλίῳ
758 2767 892 2845 καὶ
937 2765 1124 2851 θεὸς
1172 2766 1277 2852 εἷς
1326 2765 1558 2844 δυσὶν
1609 2763 1936 2866 ὀνόμασι
1981 2774 2436 2866 κοσμεῖται,
2485 2768 2727 2870 σαφὲς

519 2887 709 2988 ἡμῖν
773 2888 856 2962 ἔκ
917 2915 998 2962 τε
1058 2896 1224 2965 τῶν
1270 2894 1666 2987 μυστικῶν
1717 2885 2006 2993 λόγων,
2074 2888 2186 2974 οἷς
2237 2890 2329 2964 αἱ
2381 2887 2721 2988 ἀπόρργ

518 3037 640 3085 τοι
683 3005 971 3084 τελεταὶ
1004 3010 1527 3112 θεολογοῦσιν.
1580 3005 1776 3082 Nam
1823 3010 1891 3082 si
1918 3007 2501 3106 Hierophantao
2531 3009 2716 3083 Dia-

517 3149 697 3203 nam
746 3124 1066 3201 eandem
1093 3126 1624 3227 Proserpinam
1675 3150 1840 3203 esse
1890 3127 2313 3203 docuerunt
2359 3141 2444 3202 et
2478 3127 2716 3228 Apol-

521 3248 761 3322 linem
826 3245 1153 3322 eundem
1219 3246 1477 3323 Solem
1491 3301 1515 3340 ‚
1580 3248 1667 3324 id
1731 3252 2075 3351 proxime
2126 3237 2496 3325 eon3⁷enit
2544 3270 2713 3323 eum

524 3366 956 3442 Stoicorum
1021 3369 1352 3463 ratione3
1405 3366 1718 3445 Stoici
1771 3381 2080 3445 autem
2134 3368 2477 3445 dicunt
2525 3389 2709 3442 non

520 3510 732 3562 esse
801 3489 994 3564 nisi
1072 3487 1342 3563 deum
1408 3511 1687 3565 unum
1769 3502 1862 3565 et
1928 3511 2202 3566 unam
2268 3497 2728 3590 potesta··
2847 3531 2854 3540 ·

519 3619 742 3700 tem,
791 3629 1032 3707 quae
1082 3632 1255 3708 pro
1306 3613 1683 3686 ratione
1734 3612 2293 3687 officiorum
2343 3620 2705 3684 nostro-

519 3750 724 3802 rum
786 3730 1100 3805 variis
1164 3731 1704 3808 nominihus
1787 3732 2381 3833 appellatur3
2458 3725 2703 3801 unde

521 3847 923 3924 eundem
987 3849 1431 3928 Liberum
1486 3851 1883 3930 eundem
1934 3853 2498 3953 Apollinem
2550 3865 2697 3943 ap·
2851 3879 2852 3904 ι

519 3969 930 4070 pellant,
1013 3973 1244 4047 item
1326 3973 1683 4049 Lunam
1748 3972 2143 4048 eandem
2207 3966 2693 4066 Proserpi-
2850 4003 2852 4050 ÷

520 4091 753 4170 nam'
794 4088 1122 4168 dieunt
1187 4102 1320 4167 etc.
1376 4094 1591 4172 Serv.
1657 4091 1760 4168 ad
1812 4095 2076 4190 Georg.
2128 4090 2219 4165 V.
2281 4093 2368 4167 l.⁴
2405 4079 2686 4162 Vei-tim
2849 4089 2852 4118 '²
