2873 4897
574 350 729 424 436
1221 359 1507 415 unua
1558 354 2079 413 sncunnus.

578 524 904 617 ignorat,
988 516 1085 590 de
1150 512 1273 587 die
1344 514 1578 588 natali
1644 525 1856 588 tacet.
1970 513 2329 589 Romanis
2398 511 2703 613 «puden,

579 642 706 740 qui
757 637 851 711 de
902 636 1329 710 coelestium
1384 646 1556 708 ortu
1621 645 1697 706 et
1746 635 2099 730 progenie
2144 634 2337 708 nihil
2388 657 2439 709 a
2482 635 2708 729 najo-

578 760 785 834 ribus
837 755 1192 830 traditum
1237 754 1632 843 habebant,
1683 753 2053 827 familiare
2081 755 2249 843 fuit,
2300 753 2527 845 diem,
2575 776 2707 851 quo

580 880 938 976 templum
1006 875 1391 973 cuiusdam
1462 874 1773 947 deorum
1829 872 2257 948 dedicatum
2325 887 2519 963 erat,
2590 894 2711 948 aa·

579 1000 801 1073 talem
867 999 1027 1093 ejus
1094 995 1338 1069 dicere
1410 1006 1486 1067 et
1550 996 2068 1069 anniversaria
2134 993 2504 1067 celebrare
2566 1016 2709 1066 me-

576 1121 839 1199 moria.
917 1117 1346 1193 Lactantius
1397 1115 1672 1187 Institt.
1720 1112 1845 1186 VI.
1898 1116 2020 1188 20.
2074 1113 2248 1187 821.
2300 1114 2706 1188 ludorum

579 1237 1278 1312 celebrationes
1333 1233 1715 1307 deorum
1767 1233 2019 1306 festa
2072 1244 2328 1321 sunt,
2394 1236 2478 1307 si
2526 1235 2703 1332 qui-

581 1357 779 1431 dem
868 1355 978 1429 ob
1064 1353 1436 1430 natales
1513 1376 1837 1427 eorum
1917 1363 2083 1427 aut
2156 1353 2702 1450 templorum

577 1498 1030 1552 novorum
1100 1473 1759 1548 dedicationes
1824 1487 2046 1547 sunt
2122 1474 2703 1547 constitutae.

577 1598 844 1670 Festus
893 1620 969 1694 p.
1023 1594 1197 1668 228.
1270 1592 1677 1667 Martias
1731 1588 2202 1666 calendas
2252 1603 2704 1667 matronae

579 1714 1239 1803 celebrabant,
1320 1711 1560 1810 quod
1629 1733 1735 1785 eo
1808 1712 1962 1787 die
2011 1708 2408 1789 Junonis
2455 1711 2703 1786 Luci·

578 1858 751 1909 nae
803 1833 997 1908 coli
1049 1844 1390 1930 coepta
1442 1836 1586 1907 sit.
1689 1832 1897 1906 Idem
1962 1854 2038 1930 p.
2090 1830 2264 1906 459.
2338 1832 2705 1906 Rustica

579 1954 970 2028 Vinalia
1018 1950 1545 2041 faciebant,
1624 1951 1868 2049 quod
1920 1974 2028 2025 eo
2081 1950 2235 2024 die
2300 1952 2569 2026 aedes
2624 1953 2703 2024 oi

581 2073 1037 2147 dedicata
1087 2083 1260 2163 est3
1311 2070 1658 2168 idemque
1686 2070 1780 2145 de
1800 2072 2701 2165 Portumnalibus,Ma1-tiis

577 2194 890 2292 aliisque
960 2191 1230 2269 dieitur
1294 2191 1771 2266 solemnibus.
1802 2194 1815 2203 '
1843 2215 1918 2267 v.
1987 2192 2140 2266 Dio
2196 2190 2399 2268 Cass.
2446 2189 2701 2268 LX.-5.

578 2313 820 2387 Varro
871 2312 944 2386 d.
992 2313 1078 2387 L.
1130 2313 1214 2386 L.
1266 2312 1356 2385 V.
1423 2312 1496 2386 3.
1547 2311 1671 2385 47.
1736 2311 1898 2385 dies
1950 2324 2241 2403 autem,
2306 2336 2454 2412 quo
2503 2310 2699 2387 aedes

577 2431 956 2522 dedicata,
1024 2431 1147 2506 dei
1210 2430 1602 2506 incolentis
1654 2432 1925 2505 natalis
1976 2432 2275 2509 habitus
2328 2448 2406 2508 et
2453 2437 2528 2508 in
2572 2432 2701 2507 Fa-

575 2565 732 2627 stos
784 2554 1061 2627 relatus
1115 2564 1247 2626 est.
1299 2575 1373 2627 v.
1408 2550 1753 2636 ovid.-F.
1786 2551 1915 2626 III.
1968 2552 2147 2626 811.
2180 2554 2355 2628 837.
2408 2552 2697 2628 Turneb.

577 2671 775 2747 Adv.
839 2673 933 2746 ΙΙ.
1006 2671 1121 2745 17.
1223 2670 1520 2745 Selden.
1589 2669 1685 2745 de
1753 2669 2068 2765 Synedr.
2120 2675 2248 2748 111.
2321 2674 2438 2749 14.
2505 2673 2696 2749 1786.

577 2792 979 2865 Burmann.
1007 2789 1133 2884 ¹ad
1181 2788 1485 2864 Anthol.
1519 2789 1603 2863 V.
1658 2791 1797 2889 Ep.
1828 2790 1952 2865 79.
2055 2793 2145 2866 In
2179 2794 2493 2870 Graecia
2536 2814 2695 2867 vero

463 2921 472 2927 ’
577 2911 886 3007 antiqua
948 2909 1236 2984 nullum
1276 2909 1528 3004 hujus
1598 2909 2222 2987 denominationis
2289 2916 2695 3014 exemplum

576 3032 934 3108 succurrit
952 3082 974 3119 ,
1040 3025 1190 3102 nisi
1221 3028 1341 3102 'ad
1396 3027 1871 3136 comicorum
1922 3032 2284 3130 quasdam
2334 3048 2693 3133 poetarum

577 3150 867 3224 fabulas
933 3169 1347 3247 provocare
1413 3147 1680 3238 libeat,
1751 3152 2004 3248 quales
2069 3168 2241 3229 sunt
2292 3152 2694 3253 Palaephati

579 3270 819 3347 Γοναὶ
859 3269 1317 3370 Ἀρτέμιδος,
1380 3266 1786 3366 Hermippi
1830 3273 2157 3368 Ἀθηνᾶς
2206 3276 2470 3378 γοναί,
2536 3274 2692 3349 ΑΒ·

580 3388 766 3464 rotis
818 3389 1085 3473 Πανὸς
1134 3386 1395 3491 γοναί,
1468 3409 1614 3484 quo
1685 3390 1904 3462 titulo
1975 3394 2200 3465 etiam
2251 3394 2547 3469 Philisci
2600 3390 2691 3464 fa·

582 3506 758 3580 bula
806 3506 988 3597 fuit,
1042 3520 1202 3581 tum
1257 3506 1407 3580 duo
1462 3506 1801 3601 Polyzeli
1852 3507 2215 3601 dramata,
2266 3535 2500 3588 unum
2546 3518 2692 3588 Διο-
2758 3501 2759 3508 ¹

581 3625 819 3705 νόσου
869 3626 1130 3732 γοναί,
1183 3626 1504 3699 alterum
1556 3636 1946 3718 Μουσῶν,
2013 3630 2314 3705 Philisci
2369 3631 2689 3711 Ἀπόλλω·
2756 3725 2757 3734 ¹

583 3777 715 3833 νος
765 3748 894 3824 καὶ
934 3744 1357 3847 ,Ἀρτέμιδος
1406 3746 1655 3850 γοναί,
1728 3746 2062 3840 ejusdem
2116 3761 2192 3823 et
2240 3747 2690 3850 Nicopbontie
2756 3743 2757 3788 ⁷

577 3867 1015 3967 Ἀφροδίτης
1063 3866 1324 3970 γοναί,
1391 3864 1827 3940 Timesithei
1881 3869 2129 3966 Ζηνὸς·
2186 3874 2445 3975 γοναί.ἱ
2530 3868 2688 3944 Her-
2752 3851 2755 3858 ⁴

584 3987 828 4083 mippi
899 3984 1199 4081 quidem
1272 3983 1570 4059 fabulae
1638 3984 2054 4061 Heerenius
2127 3989 2226 4062 ad
2299 3989 2502 4064 Stob.
2560 3983 2683 4060 Ed.
2754 3981 2755 4060 ἶ

585 4104 670 4177 Τ.
723 4105 777 4176 1.
831 4104 1030 4178 239:
1103 4104 1490 4178 Minervae
1542 4118 1823 4194 ortum,
1898 4129 2116 4203 quem
2168 4121 2438 4206 poetae
2497 4102 2685 4182 tradi-
