2873 4897
543 322 697 399 ⁵34
1186 335 1472 391 mena
1523 331 2043 393 sncunnus.

541 496 845 571 Proculi!
882 491 1119 570 ³verba
1162 493 1217 591 ἢ
1244 493 1470 570 Ἴππα
1524 492 1781 571 λίκνον
1830 493 1951 569 ἐπὶ
1997 501 2131 589 τῆς
2181 499 2500 593 κεφαλῆς
2546 495 2670 567 θε-

539 620 764 719 μένη,
818 628 896 689 et
941 633 1137 712 quae
1185 612 1537 710 deinceps
1592 607 1688 685 de
1739 614 1990 709 capite
2035 612 2336 686 animae
2381 609 2666 686 mumda·

541 760 687 812 nae
736 746 1139 833 argutatur.
1192 730 1568 822 Quoniam
1621 753 1804 807 vero
1856 733 1999 806 hoc
2046 734 2356 806 nomine
2402 744 2481 805 et
2510 755 2670 807 van-

540 878 683 931 nus
735 867 812 929 et
861 873 1097 930 cunae
1150 854 1677 949 significantur,
1729 853 1900 926 hinc
1951 852 2232 952 duplex
2285 866 2459 927 nata
2503 855 2669 928 sacri

541 978 775 1050 moris
825 975 1361 1074 interpretatio.
1430 974 1888 1068 Hesychius:
1939 974 2300 1070 Λικνίτης
2351 972 2667 1050 ἐπίθετον

540 1093 922 1186 Διονύσόυ
989 1096 1137 1174 ἀπὸ
1190 1104 1351 1172 τῶν
1402 1094 1716 1183 λίκνων,
1772 1099 1854 1172 ἐν
1908 1093 2020 1180 οἷς
2068 1094 2165 1170 τὰ
2221 1092 2490 1171 παιδία
2529 1122 2658 1170 κοι-

540 1227 858 1318 μῶνται.
922 1207 1151 1312 idque
1214 1216 1497 1312 recepit
1548 1213 1914 1311 Orpheus.
2017 1213 2172 1287 Alii
2224 1235 2409 1289 vero
2459 1213 2662 1287 vetui·-

540 1336 834 1411 labrum
897 1337 1040 1409 hoc
1107 1336 1340 1407 animi
1391 1337 1606 1433 quasi
1657 1333 2040 1409 vannandi
2091 1345 2167 1406 et
2217 1356 2266 1409 a
2315 1333 2666 1433 paiearum

541 1451 867 1531 adhaesa
974 1447 1342 1528 liberandi
1451 1453 1932 1528 simulacrum
2024 1477 2188 1527 esse
2279 1454 2666 1529 voluerunt.

544 1575 779 1648 Varro
833 1573 1036 1675 apud
1091 1574 1440 1649 Servium
1495 1574 1589 1647 ad
1646 1575 1914 1670 Georg.
1967 1575 2023 1647 Ι.
2070 1573 2241 1647 166.
2294 1574 2668 1669 Mystica

541 1715 903 1772 vannus
968 1695 1282 1770 Iacchi
1348 1693 1573 1767 ideo
1628 1697 1807 1784 ait,
1877 1692 2124 1792 quod
2177 1693 2499 1767 Liberi
2542 1693 2666 1766 Pa-

543 1818 725 1888 tris
780 1837 1045 1889 sacra
1095 1813 1205 1904 ad
1274 1817 1933 1913 purgationem
2000 1813 2369 1888 animae
2419 1813 2666 1911 perti·

542 1931 893 2006 nebant
985 1927 1076 2008 'et
1167 1936 1306 2007 sic
1393 1933 1825 2010 homines
1924 1932 2125 2028 ejus
2212 1932 2664 2026 mysteriis

543 2050 1236 2151 purgabantur,
1290 2055 1538 2127 sicut
1591 2057 1925 2130 vannis
1979 2053 2453 2127 frumenta
2498 2073 2659 2150 pur·

547 2186 905 2267 gantur.
1025 2173 1267 2252 Hinc
1332 2185 1480 2248 est
1546 2174 1793 2271 quod
1858 2175 2216 2248 dicitur
2279 2170 2659 2245 Osiridis

546 2292 954 2367 membra
1020 2317 1068 2368 a
1120 2294 1575 2394 Typhone
1626 2294 2102 2367 dilaniata
2150 2294 2340 2367 Isis
2393 2291 2658 2365 cribro

548 2417 1309 2513 superposuisse.
1428 2414 1654 2489 Nam
1720 2413 1965 2487 idem
2019 2425 2165 2487 est
2215 2413 2493 2488 Liber
2535 2412 2656 2487 Pa·

550 2546 728 2623 ter,
780 2536 871 2607 in
924 2537 1190 2630 cujus
1243 2536 1737 2628 mysteriis
1789 2540 2154 2609 vannus
2209 2545 2386 2622 est,
2436 2532 2531 2606 ab
2573 2553 2652 2604 eo

549 2652 793 2752 quod
847 2653 1195 2727 liberet
1246 2653 1601 2745 dictus,
1655 2677 1921 2752 quem
1971 2652 2411 2752 Orpheus
2461 2676 2503 2726 a
2539 2652 2646 2723 Gi·

551 2772 992 2868 gantibus
1066 2772 1305 2847 dicit
1369 2796 1573 2847 esse
1641 2773 2245 2870 discerptum.
2365 2773 2648 2872 Orpheus

551 2914 736 2966 vero
821 2913 1060 2990 neque
1140 2894 1494 2989 Gigantes
1563 2896 1704 2968 hoc
1768 2895 2030 2967 fecisse
2092 2891 2278 2965 dicit
2307 2888 2399 2993 [¹¹]
2461 2914 2647 2991 neque

553 3013 847 3085 animae
898 3013 1329 3110 purgandae
1380 3015 1740 3110 Zagreum
1790 3014 2129 3112 praeficit
2175 3012 2311 3085 sed
2366 3014 2648 3102 Semelae

546 3132 809 3222 filium,
861 3135 981 3206 cui
1031 3134 1226 3208 hunc
1274 3134 1632 3207 honorem
1666 3146 1889 3231 atque
1918 3135 2386 3231 provinciam
2414 3130 2648 3231 Jupiter

553 3251 1008 3326 demandare
1058 3254 1362 3331 videtur
1411 3257 1491 3328 in
1543 3253 1882 3330 versibus
1932 3256 2138 3343 istis,
2205 3275 2394 3352 quos
2445 3252 2647 3346 Olym-

549 3370 914 3469 piodorus
982 3372 1081 3446 ad
1147 3375 1334 3447 Plat.
1387 3374 1699 3449 Phaedr.
1751 3400 1810 3448 c.
1863 3373 2179 3449 XXXII.
2233 3373 2470 3448 Fiseh.
2514 3392 2642 3472 pro·

559 3488 796 3563 ducit:
869 3493 910 3569 ὃ
979 3492 1348 3580 Διόνυσος
1416 3493 1698 3581 λύσεώς
1764 3501 1967 3573 ἐστιν
2034 3502 2308 3586 α’ίτιος,
2393 3495 2503 3572 διὸ
2556 3489 2646 3570 καὶ

560 3611 827 3697 λυσεύς
878 3612 918 3689 ὅ
974 3612 1155 3698 θεὸς
1204 3615 1332 3691 καὶ
1374 3613 1694 3717 Ὀρφεύς
1745 3645 1978 3718 φησιν
2039 3636 2048 3649 “

872 3761 1234 3850 Ἄνθρωποι
1277 3767 1348 3832 δὲ
1390 3766 1724 3851 τεληέσσας
1767 3764 2115 3850 ἑκατόμβας

680 3954 691 3961 ἡ
729 3864 1083 3949 πέμψουσιν
1124 3866 1394 3956 πάσῃσιν
1438 3870 1503 3932 ἓν
1545 3868 1733 3955 ὥραις
1775 3870 2172 3958 ἀμφιέτεσσιν

700 4049 786 4123 [ἱ]
824 4054 1075 4108 Recentio
1078 4072 1162 4108 res
1210 4057 1523 4127 mthograp
1527 4056 1578 4110 hi
1632 4074 1732 4111 non
1783 4075 1903 4113 raro
1939 4059 2202 4128 Gigantes
2237 4064 2294 4112 et
2331 4058 2531 4112 Titanes

558 4129 786 4189 mutant,
833 4134 895 4180 ut
944 4126 1042 4182 hoc
1089 4126 1204 4181 loeo
1328 4128 1485 4181 wius.
1570 4128 1678 4182 Sed
1724 4129 1860 4184 idem
1896 4129 2082 4184 secisse
2118 4128 2430 4184 Pausaniam
2460 4121 2640 4181 v11.3-
