2873 4897
1053 295 1597 352 onrnlcs.
2160 284 2399 360 .765

251 476 417 531 esse
468 452 930 529 demonstrat
943 503 967 542 ,
1028 450 1166 525 hos
1230 461 1481 524 autem
1549 462 1939 527 ventorum
2005 454 2222 532 flatus
2288 483 2401 532 re-

252 598 458 671 gere3
559 592 981 672 quanquam
1074 580 1370 670 poterat
1463 570 1688 644 etiam
1783 572 1922 646 boc
2013 577 2274 653 afferre
2354 604 2402 654 a

252 694 580 768 Luciano
660 703 1012 769 testatum
1091 693 1173 766 in
1239 687 1557 768 Conviv.
1643 714 1716 788 p.
1781 690 1903 765 66.
1973 692 2056 771 Τ.
2122 696 2253 774 [X.
2319 703 2398 774 in

17 903 20 912 ¹
100 844 105 853 ·
219 812 548 923 *Annaeo
632 824 814 888 vota
890 835 1032 912 pro
1109 813 1541 911 nuptiarum
1624 833 1963 887 successu
2046 832 2402 918 concepta

252 956 435 1010 esse.
552 931 830 1009 Verum
907 932 1053 1007 hae
1131 933 1671 1007 Dioscurorum
1743 944 1821 1005 et
1891 932 2399 1035 Tritopatrum

249 1052 779 1131 similitudines
856 1053 1212 1154 fortuitae
1289 1065 1466 1126 sunt
1548 1063 1623 1124 et
1689 1052 2150 1149 levissimae3
2227 1080 2401 1133 nam
2487 1076 2493 1085 ·

252 1174 533 1251 Aeolus
609 1197 905 1274 quoque
984 1185 1061 1249 et
1139 1171 1248 1247 dii
1324 1173 1596 1246 marini
1678 1192 1936 1249 omnes
1999 1186 2400 1255 ventorum

142 1290 151 1295 ’
248 1295 647 1395 imperium
698 1294 1010 1386 habent;
1057 1291 1593 1371 dissimilitudo
1633 1305 1884 1368 autem
1925 1296 2122 1370 inter
2159 1308 2402 1373 utros-

249 1438 395 1514 que
456 1416 810 1500 maxima.
927 1412 1129 1505 Quid
1191 1415 1392 1488 enim
1458 1415 1793 1491 omnium
1855 1437 2048 1512 quae
2112 1414 2209 1491 de
2262 1415 2401 1492 Ca·

249 1546 539 1613 storum
591 1547 799 1626 ortu,
849 1557 1201 1625 numero,
1251 1534 1385 1607 fa·
1441 1533 1803 1623 ‚artibus
1855 1546 1930 1607 et
1968 1537 2399 1611 muneribus

249 1655 554 1759 prodita
601 1667 814 1746 suut,
869 1657 1218 1731 convenit
1266 1656 1296 1729 i
1466 1651 1666 1729 Solis
1708 1653 2127 1754 Terraeque
2175 1657 2399 1734 filiis?

251 1773 453 1866 Quid
517 1774 872 1873 Zagreus,
944 1775 1124 1875 quid
1187 1762 1573 1850 Eubuleus
1638 1786 1716 1847 et
1777 1775 2162 1871 Dionysus
2226 1800 2395 1853 oum

247 1897 366 1970 bis
430 1918 847 2001 commune·
889 1906 967 1970 et
1031 1897 1504 1993 coniunctum
1567 1892 1911 1969 habent‘l.
1969 1894 2134 1973 Nisi
2204 1898 2398 1981 forte

248 2017 496 2116 placet
544 2011 916 2121 ejmmodi
979 2017 1556 2109 argumentatio:
1621 2026 1797 2090 sunt
1810 2068 1833 2105 ,
1902 2018 2031 2115 qui
2080 2017 2398 2093 Dioscu-

248 2136 357 2219 ris
421 2129 779 2209 Curetum
840 2153 1117 2205 nomen
1183 2131 1553 2222 tribuant,
1619 2131 1927 2208 Curetes
1978 2158 2161 2210 vero
2213 2160 2396 2212 non-

246 2272 629 2353 nunquam
677 2275 845 2327 cum
897 2247 1188 2325 cabiris
1237 2249 1811 2342 confunduntur,
1859 2254 2055 2327 inter
2093 2255 2228 2330 hos
2258 2280 2398 2353 ‚au-

249 2389 409 2451 tem
457 2395 653 2448 unus
702 2385 847 2466 est,
893 2393 1115 2471 quem
1164 2370 1504 2445 nonnulli
1553 2371 1978 2468 Dionysum
2027 2374 2396 2476 interpre-

250 2506 525 2584 tantur,
578 2496 709 2594 qui
757 2496 923 2593 ipse
961 2491 1345 2568 Eubuleus
1384 2490 1659 2567 dicitur
1696 2504 1775 2565 et
1812 2492 2172 2589 Zagreus;
2222 2519 2396 2593 ergo

250 2618 502 2715 itaque
577 2613 759 2688 haec
841 2611 1354 2712 Tritopatrum
1428 2614 1594 2688 sive
1660 2612 2195 2698 Dioscurorum
2264 2638 2395 2689 no-

247 2739 457 2824 mina
519 2735 750 2810 fuisse
813 2732 1259 2812 sumendum
1324 2744 1459 2808 est.
1558 2731 1663 2824 At
1712 2734 1855 2808 hoe
1903 2732 2131 2808 modo
2183 2757 2396 2832 argu-

247 2855 567 2934 mentari
626 2853 876 2927 solent
935 2854 1029 2943 ii,
1106 2855 1233 2952 qui
1296 2852 1694 2928 lectoribus
1759 2855 2078 2928 incautis
2143 2854 2396 2932 fucum

249 2963 521 3052 faeere
557 2973 886 3071 cupiunt.
1000 2971 1366 3071 Equidem
1436 2995 1710 3046 nomen
1760 2972 2161 3069 Zagreus
2214 2978 2393 3072 quin
2521 3071 2526 3076 .

251 3119 433 3173 vere
481 3092 577 3167 ab
626 3090 1193 3167 Hemsterhusio
1241 3094 1768 3190 interpositum
1822 3094 1958 3182 sit,
2007 3093 2210 3168 baud
2259 3095 2394 3171 du-

255 3214 707 3302 bitaverim5¹
732 3209 958 3310 idque
1008 3212 1088 3284 in
1132 3214 1269 3290 ,illo
1320 3215 1491 3310 ipso
1544 3211 2221 3313 Tritopatreus
2273 3237 2428 3294 oe-,
2479 3235 2484 3254 ⁹

125 3419 131 3424 ,
254 3336 450 3412 culte
512 3328 1039 3431 eomprehendi
1100 3344 1286 3431 puto
1300 3385 1323 3422 ‚
1392 3330 1593 3406 unde
1656 3335 1722 3410 si
1772 3344 2194 3431 postremas
2241 3335 2393 3429 syl-

252 3456 466 3530 labas
527 3451 913 3543 redderis,
981 3464 1286 3552 superat
1347 3451 1655 3543 Trito,
1721 3474 1869 3552 quo
1919 3453 2187 3528 leniter
2235 3477 2393 3530 eor-

254 3586 457 3651 reoto
528 3574 716 3647 hanc
783 3571 1161 3654 efficimus
1202 3571 1682 3648 sententiam·
1744 3571 1981 3649 Jove
2046 3586 2139 3647 et
2187 3574 2392 3647 Pro·

257 3695 637 3793 serpina
684 3694 885 3767 nati
938 3687 1240 3784 Brito;
1290 3689 1373 3766 id
1421 3701 1676 3766 autem
1727 3693 2216 3792 Proserpinae
2269 3693 2391 3768 vel

256 3814 589 3890 Hecatae
664 3834 1072 3909 cognomen
1150 3813 1418 3908 fuisse,
1501 3812 1743 3907 eofflgi
1835 3810 2388 3912 quodammodo

256 3945 509 4032 potest
585 3955 678 4006 ex
744 3932 903 4023 his,
1005 3955 1194 4031 quae
1257 3932 1746 4009 Grammatiei
1806 3930 1904 4007 de
1965 3932 2389 4009 nominibus

263 4051 764 4157 Βριτόμαρτις
840 4064 919 4126 et
994 4048 1436 4151 Μελιτωδης
1501 4054 2002 4152 praedpiunt,
2066 4052 2384 4127 Mello-
