2873 4897
950 363 1550 419 conium.
2194 351 2341 425 761

197 518 456 595 stodes
522 532 598 596 et
650 520 1016 617 janitores
1083 516 1602 615 Phanodemus
1672 532 1927 596 auctor
1993 535 2104 598 est
2118 572 2141 613 ,
2220 525 2351 622 qui

196 638 471 731 iisdem
506 640 1035 727 Athenienses
1045 641 1128 715 in
1176 642 1405 715 sacris
1456 640 1914 741 nuptialibus
1961 665 2100 740 pro
2154 641 2353 719 felici

197 759 608 835 liberorum
669 761 882 860 prole
947 768 1133 839 vota
1194 782 1628 861 nuncupare
1693 772 1772 836 et
1831 784 2085 860 preces
2138 761 2351 837 adhi-

199 880 379 954 bere
447 880 782 957 affirmat.
900 880 987 955 ld
1053 903 1236 957 vero
1303 902 1432 958 cur
1494 882 1842 971 fecerint,
1910 905 2002 955 ex
2070 881 2352 980 Orphei

199 1000 366 1074 loco
436 1004 809 1092 clarescit,
878 1012 1145 1076 ventos
1211 1023 1372 1076 esse
1440 1001 1752 1077 dicentis
1804 1003 1931 1101 qui
1982 1005 2352 1076 nascenti-

196 1119 345 1195 bus
413 1126 701 1199 anirnas
767 1123 1178 1212 insinuent,
1245 1124 1325 1197 si
1377 1122 1681 1220 quidem
1733 1123 1812 1198 hi
1863 1130 2039 1196 sunt
2087 1123 2170 1194 in
2218 1143 2356 1220 po-

195 1248 475 1318 'tn-tate
527 1244 1056 1342 Tritopatrum.
1145 1242 1246 1316 Et
1295 1241 1394 1317 ad
1445 1245 1638 1317 hanc
1689 1243 2132 1316 sententiam
2183 1241 2354 1316 Phi-

198 1364 487 1439 lochori
550 1384 843 1465 quoque
907 1363 1142 1438 verba
1203 1365 1542 1438 revocari
1613 1372 1928 1460 possunt
1942 1414 1964 1450 ‚
2043 1362 2356 1460 quamliss

196 1483 336 1558 bet
386 1484 699 1560 obscura
748 1496 826 1561 et
873 1506 923 1557 a
973 1482 1208 1558 Suida
1260 1485 1477 1558 aliter
1527 1494 1750 1581 atquc
1801 1505 1851 1556 a
1881 1481 2148 1556 Photio
2189 1481 2355 1556 red-

200 1603 387 1679 dita.
507 1602 729 1695 Quod
801 1604 931 1677 ille
1006 1602 1218 1681 dicit:
1276 1602 1718 1705 ,Φιλόχορος
1786 1604 1974 1706 λέγει
2044 1600 2355 1682 πάντων

197 1728 593 1830 γεγονέναι
642 1722 1011 1828 πρώτους,
1065 1726 1173 1799 sic
1225 1725 1581 1820 intelligo,
1636 1744 1765 1796 eos
1806 1723 2091 1821 primos
2123 1723 2358 1797 fuisse
2403 1726 2410 1735 '

200 1856 526 1944 patres
593 1857 670 1919 et
731 1846 944 1944 quasi
1010 1841 1634 1948 πρωτοπάτορας,
1703 1841 1820 1933 id,
1886 1842 2087 1941 quod
2153 1843 2359 1942 apud

203 1966 556 2043 Photium
610 1976 763 2054 est,
814 1969 1189 2066 ἄρξαντας
1238 1966 1612 2070 γενέσεως.
1701 1962 1867 2037 Hos
1917 1964 2143 2057 igitur
2195 1974 2360 2035 tan-

205 2106 430 2182 quam
482 2084 770 2181 primos
818 2082 1216 2180 generandi
1264 2095 1602 2156 auctores
1640 2081 2096 2159 invocabant
2136 2081 2360 2156 Athe-

204 2205 501 2277 nienses
551 2202 1009 2298 generationi
1063 2223 1370 2300 operam
1423 2199 1712 2290 daturi,
1786 2202 1979 2274 sicut
2027 2200 2263 2277 iidem
2312 2223 2379 2275 a·

206 2320 443 2398 Coelo
511 2334 589 2396 et
653 2322 886 2397 Terra
951 2323 1382 2419 nuptiarum
1449 2321 1814 2396 solemnia
1876 2319 2360 2417 auspicaban-

206 2458 370 2535 tur,
440 2444 579 2518 hos
629 2443 916 2543 primos
967 2444 1049 2518 in
1098 2443 1663 2518 matrimonium
1712 2440 1944 2516 ivisse
1994 2440 2364 2515 sanctissi-

206 2587 525 2664 maeque
605 2565 1098 2638 consortionis
1170 2566 1299 2661 jus
1376 2561 1948 2661 exemplumque
2018 2561 2364 2636 stamisse

208 2689 374 2762 rati.
491 2683 847 2759 Proculus
912 2686 992 2757 in
1059 2683 1252 2786 Tim.
1321 2685 1408 2757 V.
1462 2680 1637 2758 295.
1689 2678 2000 2782 πρώτην
2052 2679 2364 2783 νύμφην

215 2810 578 2886 ἀποκαλεῖ
637 2803 957 2907 Ὀρφεὺς
1020 2805 1160 2903 τὴν
1226 2813 1385 2903 Γῆν
1448 2804 1578 2883 καὶ
1639 2801 2063 2907 πρώτιστον
2112 2799 2365 2905 γάμον

209 2926 351 3024 τὴν
404 2927 674 3002 ἕνωσιν
725 2926 955 3022 αὐτῆς
1004 2927 1193 3027 πρὸς
1240 2927 1379 3004 τὸν
1442 2923 1792 3027 Οὐρανόν
1848 2968 1951 2982 -
2001 2921 2130 2999 καὶ
2180 2925 2364 3000 ἔοικε

213 3047 346 3125 διὰ
415 3053 661 3122 ταῦτα
725 3043 852 3120 καὶ
923 3049 1251 3148 Οὐρανῷ
1312 3046 1442 3124 καὶ
1507 3053 1620 3145 Γῇ
1689 3041 2077 3144 προς-ήκειν
2128 3043 2170 3119 ὃ
2221 3041 2366 3145 γά-

211 3198 355 3268 μος
374 3189 389 3205 ·
459 3167 500 3243 ὃ
569 3166 666 3262 δὴ
729 3165 858 3243 καὶ
921 3169 992 3242 οἱ
1053 3169 1330 3268 θεσμοὶ
1398 3176 1556 3246 τῶν
1613 3162 2040 3262 Ἀθηναίων
2088 3160 2367 3248 εἰδότες

215 3288 711 3388 προςὲταττον
785 3271 1111 3388 Οὕροὶνῷ
1173 3290 1300 3368 καὶ
1364 3295 1478 3387 Γῇ
1541 3291 1921 3390 προτελεῖν
1983 3281 2162 3366 τοὺς
2226 3279 2367 3385 702-
2418 3311 2430 3318 “

214 3438 428 3506 μους.
537 3405 941 3504 Sequentia
1007 3405 1238 3481 verba
1301 3407 1441 3506 τὴν
1506 3415 1666 3505 Γῆν
1731 3405 1861 3484 καὶ
1907 3403 2045 3482 τὸν
2075 3402 2365 3491 ‘Hi-tor,

218 3529 310 3606 ὃν
376 3528 505 3604 καὶ
561 3524 985 3605 Ἀπόλλωνα
1051 3535 1263 3606 καλεῖ
1267 3584 1294 3618 ,
1361 3535 1605 3631 γονεῖς
1651 3528 1906 3630 αὐτῶν
1958 3521 2365 3622 ἠπίσταντο

220 3652 292 3726 οἱ
343 3645 511 3725 τότε
564 3648 990 3748 ἄνθρωποι,
1042 3648 1219 3734 τοὺς
1270 3645 1356 3725 δὲ
1410 3651 1491 3725 ἐκ
1542 3646 1833 3725 τούτων
1884 3643 2181 3745 τρίτους
2221 3669 2366 3718 πα-

215 3770 460 3869 τέρας,
512 3768 760 3840 nescio
815 3789 912 3841 an
962 3769 1151 3842 hanc
1201 3765 1526 3842 habeant
1560 3767 2039 3842 sententiam:
2092 3774 2369 3836 terram

220 3887 601 3961 novellam
668 3898 744 3959 et
811 3887 905 3962 ab
973 3899 1141 3961 ortu
1194 3900 1563 3964 recentem
1617 3887 1798 3960 solis
1849 3883 2128 3992 ardore-
2165 3890 2368 3978 tope-

220 4007 496 4082 iactam
563 4007 824 4084 vitalia
889 4011 1314 4108 concepisse
1364 4008 1690 4099 semina,
1741 4008 2137 4107 primoque
2188 4002 2370 4075 nixu

224 4125 549 4203 edidisse
614 4128 1126 4230 Tritopatores
1142 4182 1163 4221 ,
1232 4138 1669 4206 cunctorum
1736 4124 2168 4204 mortalium
2236 4141 2370 4220 pa-
