2873 4897
611 339 765 415 364
1259 353 1548 410 monn
1596 352 2132 409 SECUNDUS.

814 509 901 586 V.
1002 510 1346 610 Βακχικά
1404 515 1709 590 nomine
1768 527 1986 590 tenus
2037 525 2246 590 nota
2312 525 2517 589 sunt.
2576 535 2647 588 v.
2691 511 2753 587 N,

458 665 465 674 ·
606 633 807 710 xlv,
859 646 936 709 et
984 630 1065 706 C.
1117 631 1281 705 vll.
1344 633 1425 706 P.
1475 636 1570 709 Π.

813 754 938 828 vl.
1030 753 1206 850 περὶ
1255 757 1619 855 βοτανῶν
1667 777 1742 831 v.
1795 752 1879 831 C.
1926 751 2143 831 XVI.
2201 755 2290 830 P.
2345 755 2444 829 11.

784 874 974 948 ‘vu
1078 873 1520 954 Temmmxd
1571 877 1893 950 citantur
1942 876 2041 951 ab
2099 889 2444 973 utroque
2495 872 2752 961 Taum,

607 1017 920 1095 quorum
974 1016 1069 1067 ex
1118 996 1567 1069 testimoniis
1616 996 2098 1093 intelligitur,
2169 997 2384 1071 libro
2447 995 2581 1068 illo
2639 1013 2750 1064 non

606 1130 763 1191 tam
813 1126 1214 1217 praecepta
1261 1117 1421 1211 agri
1488 1116 1819 1190 culturae
1884 1139 2121 1216 quam
2196 1137 2527 1216 operum
2573 1113 2750 1185 rusti-

607 1260 862 1312 corum
916 1247 1266 1332 tempora
1316 1236 1728 1311 secundum
1777 1237 2002 1312 lunae
2053 1259 2338 1312 cursus
2374 1244 2745 1309 menstruos

608 1356 984 1456 descripta
1030 1354 1285 1429 fuisse.
1387 1357 1650 1454 anue
1712 1357 2030 1433 fortasse
2101 1380 2345 1432 causa
2409 1355 2589 1442 fnit,
2654 1372 2744 1424 cut

607 1478 848 1551 Varro
901 1479 958 1550 Ι.
1012 1475 1085 1549 2.
1149 1474 1754 1574 Geoponicorum
1821 1501 2224 1553 recensum
2281 1496 2548 1574 agens,
2619 1470 2742 1544 nul·

608 1599 760 1672 lam
815 1596 1127 1696 Orphici
1179 1600 1529 1672 carminis
1579 1601 2042 1675 mentionem
2098 1599 2420 1673 faceret.
2523 1592 2739 1677 Plinio,

603 1721 735 1817 qui
786 1718 872 1793 L.
908 1716 1109 1793 XIV.
1159 1720 1325 1793 init,
1376 1718 1798 1795 Hesiodum
1851 1721 2049 1794 inter
2102 1717 2493 1818 principia
2537 1714 2737 1786 litera·

605 1860 774 1911 rum
826 1849 1228 1936 praecepta
1278 1841 1620 1935 agricolis
1669 1838 2004 1939 pandere
2068 1862 2341 1914 orsum
2398 1835 2596 1921 dicit,
2661 1829 2734 1901 il·

608 1957 741 2032 lud
778 1961 1112 2053 ignotum
1154 1959 1425 2049 fuisse,
1477 1959 1683 2034 haud
1711 1984 1853 2061 pto
1885 1971 2094 2035 certo
2125 1955 2651 2035 affirmaverim·

764 2076 1007 2151 ‘VIII-
1107 2085 1496 2177 Διαθῆκαι
1543 2081 1753 2154 nullo
1805 2092 1980 2154 ante
2005 2078 2410 2156 lustinum
2457 2072 2728 2147 testimo·

607 2199 738 2273 nio
788 2198 1297 2290 innotescunt,
1352 2203 1484 2298 qui
1531 2202 1614 2274 in
1662 2202 2042 2278 Monarch.
2095 2227 2181 2302 p.
2238 2201 2367 2275 37.
2421 2201 2519 2293 (p.
2569 2186 2725 2282 104.)

599 2318 921 2421 Ὀρφεύς
934 2377 961 2410 ,
1044 2321 1084 2398 ὅ
1136 2318 1612 2426 παρειζοίγων
1659 2323 1838 2410 τοὺς
1885 2323 2380 2426 τριακοσίους
2430 2313 2726 2411 ἑξήκοντα

607 2440 839 2526 θεοὺς
851 2497 878 2532 ,
983 2444 1064 2520 ἐν
1143 2453 1253 2543 τῷ
1334 2447 1722 2559 Διαθῆκαι
1798 2444 2392 2551 ἐπιγραφομένῳ
2473 2429 2722 2537 βιβλίῳ)

609 2558 832 2639 ὁπότε
882 2573 1280 2661 μετανοῶν
1331 2564 1452 2639 ἐπὶ
1499 2563 1748 2667 τούτῳ
1799 2566 2158 2668 φαίνεται
2212 2574 2353 2636 etc,
2405 2557 2527 2633 ubi
2570 2579 2722 2649 παρ·

610 2678 1027 2785 ειςαγαγών
1077 2680 1204 2756 vel
1254 2686 1821 2790 προειςαγαγών
1882 2685 2371 2760 scribendum
2418 2680 2554 2753 hoo
2594 2691 2720 2746 sell-

609 2823 735 2874 su:
808 2821 1073 2899 quum
1126 2812 1402 2875 antea
1455 2801 1801 2880 CCCLX.
1869 2805 2100 2880 deos
2169 2792 2718 2880 introduxis-

608 2932 790 3010 set,
874 2921 967 2994 in
1021 2920 1622 3011 Testamento
1689 2927 1930 3002 hunc
1993 2944 2421 3002 errorem
2486 2914 2717 3009 (143Ρο-

606 3043 797 3116 suit
846 3039 960 3115 ad
992 3043 1273 3118 unius
1327 3051 1665 3121 summi
1716 3049 2129 3122 numinis
2172 3041 2529 3120 cultum
2561 3049 2710 3106 con·

606 3184 962 3238 versus.
1063 3163 1502 3241 Accuratius
1552 3166 2011 3266 Theophilus
2041 3167 2166 3242 -ad
2215 3160 2466 3240 Autol.
2513 3152 2623 3229 ΠΙ.
2659 3142 2708 3217 2

607 3284 687 3359 τί
734 3285 1131 3383 ὠφέλησαν
1174 3287 1472 3388 Ὀρφέα
1535 3290 1609 3364 οἱ
1671 3286 2088 3390 τριακόσιοι
2139 3285 2496 3385 ἑξήκοντα
2540 3274 2709 3350 πέντε

610 3404 822 3492 θεοὶ,
874 3405 1008 3491 οὓς
1058 3406 1288 3493 αὐτὸς
1340 3410 1462 3485 ἐπὶ
1509 3411 1693 3486 τέλει
1742 3420 1882 3487 τοῦ
1911 3409 2092 3511 βίου
2131 3410 2431 3491 ἀθετεῖ,
2482 3400 2558 3475 ἓν
2582 3388 2708 3466 ταῖθ

608 3522 1013 3621 διαθήκαις
1066 3529 1304 3605 αὐτοῦ
1356 3531 1784 3634 λεγομέναις
1836 3533 2073 3635 λέγων
2122 3534 2258 3611 ἕνα
2308 3527 2494 3604 εἶναι
2534 3502 2705 3640 θΐὸζ)

482 3666 491 3691 ·
615 3654 693 3716 et
742 3644 1177 3721 Lactantius
1242 3649 1423 3724 Inst.
1475 3650 1532 3724 1.
1584 3653 1657 3724 7.
1722 3674 1798 3750 p.
1849 3650 1973 3723 46.
2055 3650 2151 3726 Si
2217 3668 2412 3723 eos·
2441 3630 2708 3714 muln·

610 3764 836 3838 tudo
889 3763 1266 3866 (deorum)
1320 3770 1774 3863 delectat,
1824 3784 2020 3857 mon
2071 3761 2549 3845 duodecim
2592 3743 2702 3817 ‘li‘

609 3887 900 3961 cimus
971 3902 1135 3963 aut
1208 3902 1694 3967 trecentos
1770 3893 2276 3988 sexaginta
2350 3878 2701 3980 quinque

610 4004 879 4097 deos,
982 4020 1083 4082 ut
1164 4009 1626 4110 Orpheus,
1727 4011 1887 4086 sed
1990 3987 2698 4086 innumerabile&

610 4122 1024 4226 Utrumque
1119 4140 1403 4207 errasse
1493 4132 1874 4208 contendit
1956 4130 2363 4208 Jacksonus
2445 4105 2692 4197 Antiqq·
