2873 4897
500 305 605 380 40
1012 337 1018 345 ,
1214 315 1503 373 amna
1554 311 1936 370 ramum

502 478 915 553 communis
965 497 1131 552 mos
1181 462 1561 552 sacrorum
1610 486 1792 550 erat.
1843 471 2055 564 Quae
2103 479 2360 545 autem
2390 483 2666 569 quarto

497 598 665 670 loco
719 610 1338 672 commemoratur
1383 618 1701 671 coronae
1733 591 2124 692 impositio
2164 603 2244 664 et
2277 611 2669 667 sacrorum

500 716 671 792 cu'm
723 719 892 792 aliis
944 720 1552 807 communicatio,
1617 737 1711 790 ca
1758 734 1943 790 vero
1997 713 2494 787 certissimum
2546 736 2670 787 ar·-

497 849 931 933 gumentum
982 828 1706 937 praebet-'l'heonem¹
1754 856 1907 908 non
1958 831 2054 907 de
2081 832 2488 907 Eleusiniis
2527 830 2670 907 sed

498 956 593 1031 de
642 959 960 1056 privatis
998 958 1204 1055 loqui
1243 960 1644 1052 mysteriis,
1696 976 2015 1056 quorum
2055 954 2430 1028 antistites
2482 954 2666 1027 titu-
2773 966 2780 985 ⁸

493 1077 652 1151 lum
695 1089 771 1152 et
809 1080 1071 1152 munia
1102 1077 1792 1177 Hierophanta'mm
1822 1086 1898 1148 et
1926 1070 2464 1147 Daduchorum
2487 1095 2712 1148 con-*2
2739 1066 2766 1099 ²
2801 1138 2810 1147 .

494 1196 689 1270 ferre
738 1209 1087 1296 poterant
1137 1198 1404 1295 quibus
1459 1194 1938 1271 commodum
1991 1188 2374 1268 {rideretur
2387 1248 2418 1285 ,
2470 1195 2670 1269 sicut

494 1316 719 1391 hodie
772 1318 1212 1415 Superiores
1264 1321 1395 1416 qui
1444 1318 1790 1392 dicuntur
1813 1317 1920 1389 -in
1970 1315 2350 1407 mysteriis
2400 1324 2665 1388 neote-

492 1440 666 1511 ricis
737 1435 835 1510 ad
886 1436 1281 1534 dignitates
1332 1438 1707 1513 clericales
1762 1418 2314 1511 ebneculares'
2353 1452 2666 1532 promo-

494 1568 675 1632 vent
739 1579 925 1655 quos
991 1559 1279 1632 volunt.
1322 1600 1325 1601 ν
1383 1557 1498 1632 Ac
1544 1559 1613 1632 si
1660 1557 1788 1631 vel
1838 1555 2169 1629 maxime
2218 1552 2315 1627 de
2366 1553 2665 1629 Eleusi-

491 1679 638 1750 niis
688 1678 1110 1776 scripsisset
1154 1682 1303 1753 ista
1333 1679 1567 1771 Theo,
1616 1699 2048 1777 quaererem
2098 1686 2351 1749 tamen
2390 1672 2661 1749 eadem

492 1820 681 1895 quae
746 1820 1010 1895 supra3
1076 1800 1278 1874 unde
1338 1801 1653 1895 intelligi
1704 1807 1993 1897 potest,
2046 1817 2142 1869 ex
2191 1795 2664 1869 initiatorum

490 1917 712 1990 turba
776 1916 1140 1993 duntaxat
1203 1921 1493 2018 aliquos
1555 1930 2008 1993 secretorum
2077 1917 2418 1988 omnium
2484 1936 2663 1991 con-

489 2037 684 2109 scios
758 2038 996 2112 factos
1062 2062 1225 2114 esse
1242 2092 1264 2131 ‚
1327 2041 1654 2138 reliquos
1717 2040 1798 2112 in
1865 2034 2210 2111 secundis
2273 2036 2663 2135 tertiisque

492 2158 959 2233 constitime'!
1012 2159 1405 2234 Gradatim
1456 2181 1666 2233 sacra
1718 2159 2007 2258 percipi
2058 2156 2240 2230 dicit
2290 2167 2368 2229 et
2418 2178 2514 2228 ex
2547 2157 2662 2231 in·

490 2277 831 2353 tervallo.
951 2275 1153 2368 Quid
1218 2279 1315 2354 ad
1380 2278 1590 2353 rem?
1653 2279 1895 2355 Nemo
1961 2296 2115 2350 non
2165 2290 2292 2364 eo,
2343 2297 2492 2373 quo
2545 2276 2662 2349 in-

491 2396 754 2488 tendit,
803 2421 942 2498 per
993 2398 1269 2495 gradus
1319 2398 1688 2498 pervenit.
1766 2397 1940 2473 Hoc
1990 2398 2379 2472 enimvero
2434 2416 2662 2493 qnae-

488 2517 717 2606 riter,
788 2529 1039 2592 utrum
1105 2521 1376 2615 vulgus
1425 2520 1894 2592 initiatorum
1945 2529 2024 2590 et
2074 2518 2487 2616 quicunque
2539 2509 2690 2589 ‹ii-'-

488 2638 765 2710 viniori
844 2635 1230 2712 doctrinae
1292 2636 1660 2711 inhabiles
1721 2639 2003 2737 reperti
2067 2648 2350 2726 essent,
2449 2634 2660 2711 rudi-

488 2756 761 2828 mentis
828 2755 1274 2852 quibusdam
1324 2758 1597 2832 leviter
1646 2756 1918 2832 imbuti
1969 2759 2164 2838 circa
2211 2757 2430 2831 initia
2482 2757 2662 2831 snb-

488 2876 814 2948 stiterint
879 2897 977 2947 an
1042 2875 1279 2976 (quod
1344 2880 1571 2951 etiam
1652 2891 1875 2977 atque
1953 2879 2181 2952 etiam
2262 2877 2659 2975 confirmo)

492 2997 797 3069 omnino
861 2996 1248 3090 omnibus,
1314 3000 1445 3096 qui
1509 2998 1813 3096 quidem
1866 2999 2052 3072 nihil
2102 2997 2405 3094 gravius
2455 3019 2658 3072 com-

490 3115 904 3205 misissent,
970 3119 1387 3216 sapientiae
1450 3119 1669 3193 istius
1736 3120 2153 3219 penetralia
2200 3132 2530 3194 reserata
2581 3133 2659 3195 et

488 3236 882 3332 popularis
945 3237 1325 3333 religionis
1389 3242 1764 3316 vanitates
1814 3240 2149 3316 detectae
2197 3239 2658 3316 fuerint..1d

488 3355 636 3430 nisi
701 3354 1191 3453 probaverint
1250 3363 1796 3455 mysteriorum·
1849 3359 2346 3436 admiratores
2363 3413 2386 3453 ,
2449 3360 2657 3460 quod

488 3473 795 3571 probari
857 3499 1167 3576 prorsus
1228 3503 1382 3556 non
1430 3493 1720 3582 potest,
1785 3483 2046 3580 paucis
2096 3493 2451 3579 expertae
2503 3483 2658 3557 vir-

491 3594 673 3667 tutis
728 3607 805 3669 et
851 3598 1295 3695 prudentiae
1345 3604 1532 3678 viris
1582 3626 1842 3680 veram
1895 3601 2019 3678 dei
2070 3600 2366 3676 colendi
2415 3603 2657 3677 scien·

490 3714 678 3790 tiam
730 3716 1081 3794 traditam
1134 3745 1336 3816 esse,
1389 3736 1628 3799 totam
1677 3726 1902 3800 istam
1955 3721 2344 3798 doctrinae
2387 3724 2653 3819 mysti-

491 3830 620 3909 cae
660 3836 1150 3932 jactationem
1202 3843 1303 3918 ad
1351 3846 1669 3920 nihilum
1718 3844 2048 3920 recidere
2095 3864 2395 3918 necesse
2445 3855 2580 3916 est.

691 3957 1052 4059 superest
1142 3985 1333 4040 unus
1412 3964 1943 4065 olympiodori
2019 3963 2226 4037 locus
2306 3962 2616 4063 (Sainte

492 4080 706 4152 croix
756 4102 831 4178 p.
883 4081 1089 4179 393.)
1156 4108 1377 4184 quem
1445 4089 1736 4186 primus
1788 4083 2270 4161 Casaubonus
2318 4085 2400 4158 in
2447 4083 2648 4158 noti·
