2873 4897
915 344 1605 401 annuarum.
2195 334 2333 410 181

223 505 462 577 initiati
510 501 702 575 scire
752 500 1148 578 deberent?
1226 505 1538 579 Hiscine
1565 504 1971 604 adstupera
2017 529 2339 605 aequum

225 624 357 697 est?
453 620 804 696 Ceterum
872 623 967 696 de
1017 626 1422 700 Eleusiniis
1486 626 1671 699 nihil
1733 625 2104 722 eiusmodi
2165 650 2339 724 pro-

227 743 432 816 ditum
479 744 830 849 legimus,
883 743 1083 818 unde
1133 747 1496 844 suspicari
1544 732 1801 834 libeat,
1866 745 2339 846 Hierophau-

230 875 318 937 tas
375 874 538 941 ante
603 863 728 936 vel
795 877 970 961 post
1033 878 1334 963 peracta
1393 866 1759 939 solemnia
1828 887 1994 939 cum
2060 866 2337 941 adeun-

233 982 390 1055 tibus
438 981 531 1056 de
580 981 805 1058 rebus
866 987 1098 1058 sacris
1165 987 1696 1061 sermocinatos
1770 1005 1932 1057 esse
1946 1037 1968 1073 ,
2043 1001 2339 1085 praeter

234 1102 395 1200 quod
441 1104 843 1178 Pausanias
914 1105 1010 1179 de
1063 1106 1344 1205 Orphei
1412 1118 1490 1179 et
1540 1105 1859 1203 Pamphi
1925 1106 2223 1198 hymnis
2290 1129 2338 1178 a

235 1223 549 1297 Daducho
577 1223 906 1323 quodam
958 1228 1331 1323 accepisse
1381 1249 1467 1299 se
1509 1208 1713 1299 didt'
1740 1223 1872 1298 IX.
1904 1227 2027 1299 27.
2128 1220 2339 1324 Ipso-

242 1364 368 1414 rum
419 1365 598 1417 vero
664 1346 1129 1420 initiatorum
1201 1347 1669 1442 conjecturae
1739 1356 1815 1417 et
1889 1344 2337 1418 sermunculi

241 1460 313 1533 de
358 1463 623 1536 rituum
685 1460 1063 1541 sacrorum
1141 1465 1803 1561 significationibus
1876 1466 2038 1537 sine
2107 1462 2339 1537 dubio

237 1600 540 1679 perquam
623 1582 908 1659 diversi
984 1587 1196 1659 fuere
1259 1608 1402 1683 pro
1481 1586 1837 1680 cujusque
1898 1584 2197 1679 ingenio
2244 1560 2340 1655 'et

243 1702 622 1782 eruditione.
730 1705 1129 1803 specimen
1164 1706 1474 1804 praebet
1500 1704 1997 1802 Porphyrius,
2051 1705 2180 1800 qui
2215 1725 2336 1799 ap.

244 1821 458 1895 Euseb.
506 1823 622 1896 Pr.
677 1825 819 1901 Ev.
865 1827 991 1898 HI.
1051 1826 1089 1898 l
1103 1826 1218 1899 17.
1267 1824 1741 1899 sacerdotum
1780 1823 2336 1917 Eleusiniorum

243 1941 520 2017 habitum
573 1955 670 2035 et,
699 1945 1019 2040 insignia
1068 1949 1180 2023 sic
1227 1955 1559 2034 enarrat,
1608 1954 1697 2015 ut
1744 1942 1933 2017 nihil
1978 1943 2337 2015 excelsius

244 2065 494 2159 eogitari
520 2067 796 2163 possit3
848 2064 1449 2163 fflerophantam
1501 2065 1709 2138 enim
1732 2062 2101 2157 demiurgi
2152 2064 2337 2135 ima-

243 2185 435 2277 ginem
478 2196 1035 2283 repraesentare
1086 2188 1231 2274 ait,
1282 2185 1732 2260 Daduchum
1785 2183 2003 2272 solis,
2054 2182 2349 2282 Epibof

247 2306 430 2379 mium
473 2308 728 2396 lunae,
777 2305 1358 2400 Hier-ocerycem
1408 2304 1757 2379 Mercurii
1774 2354 1797 2391 ‚
1862 2315 2143 2375 ceteros
2194 2304 2340 2375 mi-

247 2425 461 2500 nistros
503 2425 892 2500 stellarum
957 2427 1337 2499 minorum
1403 2426 1571 2500 vice
1640 2444 1822 2496 esse.
1924 2420 2158 2518 quue
2209 2419 2351 2508 de<

242 2547 522 2647 mutatur
560 2549 729 2644 jam
780 2544 1068 2620 dudum
1132 2545 1228 2619 ab
1291 2544 1643 2620 omnibus
1708 2542 1922 2640 quasi
1973 2539 2337 2638 quaedam

242 2668 607 2741 authentica
647 2668 1185 2764 interpretatio.
1288 2666 1450 2756 An,
1501 2667 1678 2764 quia
1705 2674 1972 2736 testem
2015 2661 2338 2734 luculen-

240 2796 355 2859 tum
397 2786 673 2863 habet?
752 2786 859 2860 At
908 2797 1022 2861 est
1048 2787 1497 2862 levissimus.
1597 2784 1753 2874 An,
1804 2781 2007 2880 quod
2035 2779 2339 2854 aliunde

242 2921 540 3006 Μ,
567 2905 859 2983 Cereris
910 2919 987 2981 et
1033 2908 1348 2981 Liberae
1399 2928 1612 2980 sacra
1661 2902 1761 2977 ad
1815 2901 2146 2976 siderum
2189 2901 2336 2974 cul-

241 3036 356 3102 tum
379 3027 880 3129 pertinuisse?
981 3027 1089 3102 At
1134 3050 1361 3101 nemo
1413 3026 1567 3100 tale
1617 3022 2024 3121 quidquam
2063 3021 2188 3095 vel
2228 3032 2336 3092 ta-

246 3148 350 3221 cin
382 3151 912 3246 significatione
962 3146 1318 3245 prodidit.
1421 3147 1545 3220 An
1598 3143 1900 3218 demum
1920 3194 1943 3231 ‚
1995 3142 2170 3236 quia
2218 3162 2337 3212 res

246 3265 365 3361 ipffl
400 3272 566 3347 veri
616 3269 881 3343 similis
933 3265 1278 3343 videtur-'l
1382 3262 1588 3353 Quid
1662 3283 1844 3336 vero
1896 3274 2051 3333 tam
2115 3270 2336 3332 extra

248 3384 410 3463 fidem
483 3391 638 3480 est,
716 3410 937 3486 quam
1009 3386 1089 3459 in
1163 3385 1697 3482 antiquissimis
1767 3380 2345 3467 Atheniensium,

250 3507 640 3585 solemnibus
693 3507 1081 3601 Demiurgi
1100 3558 1122 3595 ‚
1173 3504 1299 3578 dei
1349 3503 1751 3590 Platonici,
1823 3501 2034 3595 cujus
2084 3503 2333 3593 imago

248 3628 401 3702 mna
419 3632 866 3720 *imitatione
917 3627 1251 3724 exprimi
1300 3635 1589 3722 potest,
1636 3643 1788 3695 non
1830 3621 2077 3696 solum
2131 3642 2335 3692 men-

251 3745 464 3825 tionem
515 3753 790 3826 factam
807 3800 831 3839 ,
894 3746 1030 3821 sed
1073 3748 1306 3819 etiam
1354 3765 1755 3842 personam
1805 3745 1885 3814 in
1938 3751 2335 3837 conspectu

254 3872 520 3945 omnium
586 3870 914 3969 positam
985 3867 1196 3942 esse?
1301 3861 1819 3938 Confitendum
1896 3874 2011 3935 est
2086 3861 2333 3955 igitur,

115 4013 116 4028 ¹
254 3982 396 4062 lunc
448 4016 626 4066 esse.
667 3991 1164 4084 conjecturam
1227 3986 1551 4061 hominis
1614 3982 2115 4082 spectaculum
2167 3999 2333 4068 nw-

115 4101 116 4122 ¹
255 4106 462 4184 Sfinun
506 4134 606 4188 ex
658 4131 798 4187 suo
848 4130 1070 4183 sensu
1120 4106 1678 4211 interpretantis
1697 4137 1727 4194 ‚·
1794 4100 1995 4177 unde
2058 4097 2333 4189 myst'e-
