2873 4897
506 337 666 416 ⁶78
1161 346 1455 406 manu
1503 346 2025 406 snounnus.

511 511 917 586 feriatos
963 504 1326 583 liberos
1367 527 1892 604 servosque
1917 508 2418 603 requlrere
2460 528 2670 581 eum.

508 631 789 707 Strabo
869 628 1034 705 XII.
1113 622 1285 701 564.
1367 627 1498 705 καὶ
1561 632 1712 707 νῦν
1777 630 1886 704 ἔτι
1951 625 2169 729 ἑορτή
2227 650 2347 715 τις
2415 630 2673 733 ἄγεται

514 753 725 855 ’παρὰ
786 756 943 836 τοῖς
994 752 1466 851 Προυσιεῢσι
1515 747 1658 824 καὶ
1695 747 2101 849 ὃρειβασία
2145 744 2673 826 θιασευόντων

510 872 643 954 διαὶ
705 866 1147 982 καλούντων
1211 869 1315 956 ὥς
1389 868 1491 947 αν
1557 869 1751 947 κατὰ
1825 867 2132 966 ζήτησιν
2180 869 2325 966 τὴν
2375 869 2668 948 ἐκείνου.

512 992 641 1069 Sic
700 988 1182 1085 Mariandyni
1267 988 1633 1063 Bormum
1699 999 2069 1087 quaerunt
2132 988 2410 1067 Athen.
2479 988 2659 1064 xlv.

513 1112 691 1187 620.
741 1111 833 1187 A.
901 1113 1010 1186 sic
1076 1133 1341 1185 sacra
1411 1121 1628 1184 sunt
1695 1104 2106 1198 Cereris,
2177 1108 2338 1184 ubi
2389 1132 2440 1182 a
2485 1108 2656 1182 Plu-

511 1244 732 1307 tone
780 1244 1061 1332 rapta
1118 1232 1698 1330 Proserpina
1742 1229 2241 1327 quaeritur
2290 1224 2660 1327 Augustiu-

512 1348 679 1430 Civ.
731 1350 860 1428 VI.
916 1377 975 1427 c.
1026 1355 1101 1428 7.
1116 1353 1206 1453 [θ]
1262 1353 1569 1449 ejusque
1623 1347 1809 1447 deae
1858 1360 2160 1449 raptum
2206 1372 2504 1448 quoque
2529 1373 2670 1425 sce—

511 1475 682 1548 nica
744 1471 1071 1572 quadam
1137 1474 1562 1549 imitatione
1627 1472 1730 1544 in·
1759 1472 1989 1545 sacris
2037 1482 2668 1570 repraesentatum

516 1601 683 1669 esse
754 1607 1070 1695 apparet
1133 1619 1229 1669 ex
1280 1590 1730 1668 Tertulliani
1776 1589 2031 1668 verbis
2084 1590 2186 1665 ad
2235 1591 2533 1669 Nation.
2582 1590 2666 1665 ΙΙ.

511 1736 589 1813 p.
657 1713 781 1791 30.
851 1738 1013 1789 cur
1080 1715 1720 1813 Proserpinae
1786 1697 2237 1787 sacerdos
2304 1715 2668 1810 rapitur

516 1846 651 1908 etc.
736 1835 1170 1910 Plutarchus
1220 1837 1334 1908 ‘in
1422 1828 1689 1931 Symp’.
1772 1832 1862 1907 L.
1939 1831 2140 1907 VIII.
2200 1832 2536 1909 Prooem.
2561 1855 2661 1930 -p.

512 1952 691 2029 340.
755 1958 930 2058 παρ’
998 1957 1179 2057 ἡμῖν
1246 1958 1330 2032 ἐν
1392 1960 1552 2041 τοῖς
1593 1953 2054 2059 Ἀγριωνίοις
2113 1953 2254 2033 τὸν
2305 1952 2657 2033 Διόνυσον

404 2114 415 2125 =
515 2077 598 2150 αἱ
644 2081 997 2179 γυναῖκες
1047 2076 1152 2162 ὥς
1205 2071 1785 2177 ἀποδεδρακότα
1837 2074 2232 2170 ζητοῦσιν,
2283 2076 2445 2153 εἶτα
2480 2071 2657 2152 παύ-

512 2220 735 2272 ονται
813 2196 945 2274 καὶ
1010 2198 1357 2302 λέγουσιν
1421 2196 1540 2273 ὅτι
1603 2183 1793 2296 πρὸς
1856 2193 1997 2280 τὰς
2062 2192 2393 2283 Μούσας
2449 2224 2662 2272 κατα-

513 2316 834 2421 πέφευγε
934 2318 1066 2395 καὶ
1164 2318 1592 2418 κέκρυπται.
1736 2311 2234 2397 Harmoniam
2333 2313 2663 2413 Ephorm

358 2459 367 2472 “
513 2433 748 2511 tradit
841 2460 888 2512 a
965 2433 1253 2512 Cadmo
1350 2434 1891 2511 Samothracen
1988 2437 2666 2534 praeternavigauoe

515 2567 815 2657 raptam
866 2580 1031 2656 esse
1080 2560 1212 2636 καὶ
1260 2569 1410 2637 νῦν
1463 2560 1573 2636 ἔτι
1623 2560 1709 2634 ἐν
1756 2564 1849 2654 τῇ
1884 2555 2379 2660 Σαμοθρᾴκῃ
2420 2558 2659 2655 ζητοῦ-

519 2705 644 2755 σιν
713 2678 955 2776 αὐτὴν
1020 2683 1106 2759 ἐν
1170 2686 1338 2765 ταῖς
1380 2681 1699 2780 ’ἑορταῖς
1751 2675 1998 2749 8ο1101.
2050 2677 2232 2752 Eur.
2286 2677 2541 2751 Phoen.
2583 2696 2648 2749 v.

512 2795 588 2869 7.
692 2796 849 2872 Nec
897 2798 1087 2872 mihi
1137 2796 1637 2897 improbabile
1683 2795 2030 2887 videtur,
2081 2798 2415 2873 similem
2461 2815 2650 2896 quui-

514 2914 697 2991 dam
776 2918 1026 2991 lusum
1106 2920 1575 2993 occasionem
1654 2916 1957 2990 dedisse
2017 2917 2361 3010 fabulae,
2461 2936 2658 3018 quam

516 3034 762 3112 Schol.
817 3037 1001 3133 Lyc.
1053 3037 1229 3114 825.
1277 3048 1537 3116 narrat
1553 3088 1578 3128 ,
1642 3035 2011 3112 Venerem
2076 3049 2393 3138 propter
2457 3057 2660 3138 quan·

517 3155 696 3233 dani
748 3159 1067 3236 deorum
1120 3159 1482 3233 offensam
1533 3156 1744 3233 coelo
1797 3159 2201 3232 excessisse
2245 3158 2522 3258 diuque
2549 3155 2654 3230 de-

514 3277 805 3353 lituisse
856 3283 940 3354 in
988 3279 1236 3354 insula
1287 3275 1583 3377 Cypro,
1637 3295 1908 3373 magno
1959 3278 2211 3354 studio
2261 3303 2315 3355 a
2365 3279 2509 3356 diis
2547 3272 2659 3352 sed

515 3397 894 3474 incassum
959 3400 1394 3497 requisitam
1413 3450 1439 3489 ,
1512 3397 1752 3472 donec
1813 3400 2077 3475 vetula
2116 3399 2511 3499 quaedam
2564 3401 2658 3473 iu·

518 3514 797 3591 dicium
864 3519 1166 3592 faceret.
1299 3516 1617 3593 Junonis
1697 3518 2157 3594 solemnibus
2241 3521 2481 3596 Samii
2536 3529 2657 3594 sta-

518 3648 729 3716 tuam
796 3637 985 3713 deae
1045 3641 1646 3715 vetustissimam
1715 3637 2276 3717 abscondebant
2338 3642 2481 3717 sub
2525 3640 2654 3715 vir·

520 3759 742 3857 gultis
756 3813 781 3853 ‚
843 3757 1359 3846 absconditam
1426 3758 1882 3912 quaerebant
1948 3772 2025 3835 et
2082 3763 2395 3840 inventa
2457 3762 2652 3836 hen·

664 4012 2528 4150 [oJPausamIssAraeln-‘Jpamnstooerdpulwu
2507 4015 2655 4157 ὄπ

519 4080 697 4155 μήτηρ
740 4083 842 4152 τὴν
873 4084 1053 4144 παῖδα
1087 4089 1208 4154 ζηῐο
1148 4090 1321 4150 ποῦσα
1354 4088 1600 4152 ἐνταῖθα
1635 4084 1895 4146 &oium
1927 4084 2126 4157 αὐτήν*
2191 4085 2351 4150 tuom
2384 4059 2509 4152 «fit

520 4172 607 4225 γη)
641 4154 852 4226 δρῶσιν
881 4156 941 4219 ἐς
971 4152 1116 4230 ὑμᾶς
1146 4158 1228 4213 ἔτι
1262 4159 1323 4212 αἱ
1356 4163 1453 4213 Me
1427 4162 1675 4232 ενγαρέω
1706 4163 1909 4230 γυναῖκ
1909 4175 1980 4220 ε.ς
