<?xml version="1.0" encoding="UTF-8"?>
<!DOCTYPE html PUBLIC "-//W3C//DTD XHTML 1.0 Transitional//EN"
    "http://www.w3.org/TR/xhtml1/DTD/xhtml1-transitional.dtd">
<html xmlns="http://www.w3.org/1999/xhtml" xml:lang="en" lang="en">
 <head>
  <title>
</title>
<meta http-equiv="Content-Type" content="text/html;charset=utf-8" />
  <meta name='ocr-system' content='tesseract 3.04.00' />
  <meta name='ocr-capabilities' content='ocr_page ocr_carea ocr_par ocr_line ocrx_word'/>
</head>
<body>
  <div class='ocr_page' id='page_1' title='image "./aglaophamussive05lobegoog_0397.png"; bbox 0 0 2873 4897; ppageno 0'>
   <div class='ocr_carea' id='block_1_1' title="bbox 973 339 2318 415">
    <p class='ocr_par' dir='ltr' id='par_1_1' title="bbox 973 339 2318 415">
     <span class='ocr_line' id='line_1_1' title="bbox 973 339 2318 415; baseline -0.001 -15"><span class='ocrx_word' id='word_1_1' title='bbox 973 345 1519 401; x_wconf 73' lang='lat' dir='ltr'><strong>onrnrcA.</strong></span> <span class='ocrx_word' id='word_1_2' title='bbox 2168 339 2318 415; x_wconf 82' lang='lat'><strong>373</strong></span> 
     </span>
    </p>
   </div>
   <div class='ocr_carea' id='block_1_2' title="bbox 170 500 2381 1203">
    <p class='ocr_par' dir='ltr' id='par_1_2' title="bbox 170 500 2381 1203">
     <span class='ocr_line' id='line_1_2' title="bbox 172 500 2316 603; baseline 0.006 -29"><span class='ocrx_word' id='word_1_3' title='bbox 172 500 401 574; x_wconf 76' lang='lat' dir='ltr'><strong>data</strong></span> <span class='ocrx_word' id='word_1_4' title='bbox 447 501 1060 598; x_wconf 79' lang='lat' dir='ltr'><strong>profitentur.</strong></span> <span class='ocrx_word' id='word_1_5' title='bbox 1129 522 1538 599; x_wconf 86' lang='lat' dir='ltr'><strong>paremque</strong></span> <span class='ocrx_word' id='word_1_6' title='bbox 1588 505 1746 578; x_wconf 88' lang='lat' dir='ltr'><strong>vim</strong></span> <span class='ocrx_word' id='word_1_7' title='bbox 1796 505 1893 580; x_wconf 88' lang='lat' dir='ltr'><strong>ad</strong></span> <span class='ocrx_word' id='word_1_8' title='bbox 1935 508 2316 603; x_wconf 72' lang='lat' dir='ltr'><strong>⁴iuvandas</strong></span> 
     </span>
     <span class='ocr_line' id='line_1_3' title="bbox 170 620 2315 718; baseline 0.006 -25"><span class='ocrx_word' id='word_1_9' title='bbox 170 642 579 718; x_wconf 77' lang='lat' dir='ltr'>puerperas</span> <span class='ocrx_word' id='word_1_10' title='bbox 628 623 998 698; x_wconf 82' lang='lat' dir='ltr'><strong>Pontificii</strong></span> <span class='ocrx_word' id='word_1_11' title='bbox 1050 642 1280 694; x_wconf 78' lang='lat' dir='ltr'><strong>zonas</strong></span> <span class='ocrx_word' id='word_1_12' title='bbox 1348 620 1773 698; x_wconf 84' lang='lat' dir='ltr'><strong>benedictas</strong></span> <span class='ocrx_word' id='word_1_13' title='bbox 1842 627 2116 704; x_wconf 85' lang='lat' dir='ltr'><strong>habere</strong></span> <span class='ocrx_word' id='word_1_14' title='bbox 2163 655 2315 705; x_wconf 86' lang='lat' dir='ltr'><strong>cre-</strong></span> 
     </span>
     <span class='ocr_line' id='line_1_4' title="bbox 174 740 2319 841; baseline 0.007 -28"><span class='ocrx_word' id='word_1_15' title='bbox 174 741 381 815; x_wconf 89' lang='lat' dir='ltr'><strong>dunt.</strong></span> <span class='ocrx_word' id='word_1_16' title='bbox 479 740 821 816; x_wconf 83' lang='lat' dir='ltr'><strong>Indidem</strong></span> <span class='ocrx_word' id='word_1_17' title='bbox 883 741 1265 841; x_wconf 83' lang='lat' dir='ltr'><strong>profectae</strong></span> <span class='ocrx_word' id='word_1_18' title='bbox 1329 744 1591 817; x_wconf 86' lang='lat' dir='ltr'><strong>variae</strong></span> <span class='ocrx_word' id='word_1_19' title='bbox 1643 743 2129 826; x_wconf 79' lang='lat' dir='ltr'><strong>Orientalium</strong></span> <span class='ocrx_word' id='word_1_20' title='bbox 2192 773 2319 826; x_wconf 87' lang='lat' dir='ltr'><strong>su-</strong></span> 
     </span>
     <span class='ocr_line' id='line_1_5' title="bbox 173 860 2312 968; baseline 0.004 -34"><span class='ocrx_word' id='word_1_21' title='bbox 173 864 639 961; x_wconf 84' lang='lat' dir='ltr'><strong>perstitiones</strong></span> <span class='ocrx_word' id='word_1_22' title='bbox 690 886 764 939; x_wconf 87' lang='lat' dir='ltr'><strong>v.</strong></span> <span class='ocrx_word' id='word_1_23' title='bbox 797 862 1040 959; x_wconf 85' lang='lat' dir='ltr'><strong>Ikenii</strong></span> <span class='ocrx_word' id='word_1_24' title='bbox 1069 861 1383 938; x_wconf 85' lang='lat' dir='ltr'><strong>Dissert.</strong></span> <span class='ocrx_word' id='word_1_25' title='bbox 1413 860 1677 936; x_wconf 88' lang='lat' dir='ltr'><strong>Philol.</strong></span> <span class='ocrx_word' id='word_1_26' title='bbox 1707 862 1962 941; x_wconf 85' lang='lat' dir='ltr'><strong>Theol.</strong></span> <span class='ocrx_word' id='word_1_27' title='bbox 2010 893 2084 968; x_wconf 88' lang='lat' dir='ltr'><strong>p.</strong></span> <span class='ocrx_word' id='word_1_28' title='bbox 2120 870 2312 962; x_wconf 66' lang='lat'>184„</span> 
     </span>
     <span class='ocr_line' id='line_1_6' title="bbox 177 965 2381 1079; baseline 0.002 -23"><span class='ocrx_word' id='word_1_29' title='bbox 177 995 247 1056; x_wconf 88' lang='lat' dir='ltr'><strong>et</strong></span> <span class='ocrx_word' id='word_1_30' title='bbox 303 982 488 1056; x_wconf 76' lang='lat' dir='ltr'><strong>liber</strong></span> <span class='ocrx_word' id='word_1_31' title='bbox 564 985 896 1079; x_wconf 79' lang='lat' dir='ltr'><strong>magicus</strong></span> <span class='ocrx_word' id='word_1_32' title='bbox 967 979 1466 1078; x_wconf 76' lang='lat' dir='ltr'>Cingulum</span> <span class='ocrx_word' id='word_1_33' title='bbox 1540 982 2072 1060; x_wconf 87' lang='lat' dir='ltr'><strong>Salomonis</strong></span> <span class='ocrx_word' id='word_1_34' title='bbox 2147 965 2381 1061; x_wconf 70' lang='lat' dir='ltr'><strong>seu⁸‘</strong></span> 
     </span>
     <span class='ocr_line' id='line_1_7' title="bbox 180 1103 2314 1203; baseline 0.001 -27"><span class='ocrx_word' id='word_1_35' title='bbox 180 1104 653 1177; x_wconf 87' lang='lat' dir='ltr'><strong>vinculum</strong></span> <span class='ocrx_word' id='word_1_36' title='bbox 774 1103 1284 1202; x_wconf 75' lang='lat' dir='ltr'><strong>spirituum</strong></span> <span class='ocrx_word' id='word_1_37' title='bbox 1405 1104 1824 1203; x_wconf 82' lang='lat' dir='ltr'><strong>inscriptus.</strong></span> <span class='ocrx_word' id='word_1_38' title='bbox 1938 1129 2013 1181; x_wconf 86' lang='lat' dir='ltr'><strong>v.</strong></span> <span class='ocrx_word' id='word_1_39' title='bbox 2120 1105 2314 1179; x_wconf 84' lang='lat' dir='ltr'><strong>Ge-</strong></span> 
     </span>
    </p>
   </div>
   <div class='ocr_carea' id='block_1_3' title="bbox 182 1220 2309 1443">
    <p class='ocr_par' dir='ltr' id='par_1_3' title="bbox 182 1220 2309 1443">
     <span class='ocr_line' id='line_1_8' title="bbox 182 1220 2309 1300; baseline 0.001 -4"><span class='ocrx_word' id='word_1_40' title='bbox 182 1224 590 1298; x_wconf 85' lang='lat' dir='ltr'><strong>schichte</strong></span> <span class='ocrx_word' id='word_1_41' title='bbox 691 1220 855 1297; x_wconf 85' lang='lat' dir='ltr'><strong>der</strong></span> <span class='ocrx_word' id='word_1_42' title='bbox 930 1222 1752 1299; x_wconf 81' lang='lat' dir='ltr'><strong>Talismanischen</strong></span> <span class='ocrx_word' id='word_1_43' title='bbox 1825 1226 2143 1300; x_wconf 87' lang='lat' dir='ltr'><strong>Kunst.</strong></span> <span class='ocrx_word' id='word_1_44' title='bbox 2241 1249 2309 1299; x_wconf 89' lang='lat' dir='ltr'><strong>a.</strong></span> 
     </span>
     <span class='ocr_line' id='line_1_9' title="bbox 198 1344 693 1443; baseline 0 -26"><span class='ocrx_word' id='word_1_45' title='bbox 198 1344 393 1419; x_wconf 80' lang='grc'><strong>1792.</strong></span> <span class='ocrx_word' id='word_1_46' title='bbox 440 1369 514 1443; x_wconf 90' lang='lat' dir='ltr'><strong>p.</strong></span> <span class='ocrx_word' id='word_1_47' title='bbox 569 1344 693 1418; x_wconf 83' lang='lat'><strong>72.</strong></span> 
     </span>
    </p>
   </div>
   <div class='ocr_carea' id='block_1_4' title="bbox 188 1462 2402 2405">
    <p class='ocr_par' dir='ltr' id='par_1_4' title="bbox 188 1462 2402 2405">
     <span class='ocr_line' id='line_1_10' title="bbox 371 1462 2308 1567; baseline 0.001 -28"><span class='ocrx_word' id='word_1_48' title='bbox 371 1463 573 1540; x_wconf 85' lang='lat' dir='ltr'>XIX.</span> <span class='ocrx_word' id='word_1_49' title='bbox 639 1462 1081 1566; x_wconf 79' lang='grc' dir='ltr'><strong><em>Κατάβασις</em></strong></span> <span class='ocrx_word' id='word_1_50' title='bbox 1131 1469 1205 1551; x_wconf 73' lang='grc' dir='ltr'><strong>ἐς</strong></span> <span class='ocrx_word' id='word_1_51' title='bbox 1254 1465 1448 1566; x_wconf 76' lang='grc' dir='ltr'><strong>ᾅδου</strong></span> <span class='ocrx_word' id='word_1_52' title='bbox 1468 1489 1486 1504; x_wconf 86' lang='grc'><em>·</em></span> <span class='ocrx_word' id='word_1_53' title='bbox 1539 1465 1856 1541; x_wconf 71' lang='lat' dir='ltr'><strong>Prodico</strong></span> <span class='ocrx_word' id='word_1_54' title='bbox 1907 1465 2308 1567; x_wconf 79' lang='lat' dir='ltr'><strong>adscripta,</strong></span> 
     </span>
     <span class='ocr_line' id='line_1_11' title="bbox 188 1586 2308 1687; baseline 0.002 -29"><span class='ocrx_word' id='word_1_55' title='bbox 188 1588 303 1681; x_wconf 71' lang='lat' dir='ltr'><strong>qui</strong></span> <span class='ocrx_word' id='word_1_56' title='bbox 366 1586 426 1659; x_wconf 83' lang='lat' dir='ltr'><strong>si</strong></span> <span class='ocrx_word' id='word_1_57' title='bbox 487 1596 602 1659; x_wconf 85' lang='lat' dir='ltr'><strong>est</strong></span> <span class='ocrx_word' id='word_1_58' title='bbox 662 1586 797 1659; x_wconf 90' lang='lat' dir='ltr'><strong>ille</strong></span> <span class='ocrx_word' id='word_1_59' title='bbox 844 1608 1064 1683; x_wconf 85' lang='lat' dir='ltr'><strong>quem</strong></span> <span class='ocrx_word' id='word_1_60' title='bbox 1115 1587 1614 1684; x_wconf 85' lang='lat' dir='ltr'><strong>suspicamur,</strong></span> <span class='ocrx_word' id='word_1_61' title='bbox 1697 1610 1933 1687; x_wconf 88' lang='lat' dir='ltr'><strong>eoque</strong></span> <span class='ocrx_word' id='word_1_62' title='bbox 1983 1590 2308 1662; x_wconf 85' lang='lat' dir='ltr'><strong>carmine</strong></span> 
     </span>
     <span class='ocr_line' id='line_1_12' title="bbox 192 1704 2308 1784; baseline 0.002 -7"><span class='ocrx_word' id='word_1_63' title='bbox 192 1726 325 1777; x_wconf 84' lang='lat' dir='ltr'><strong>non</strong></span> <span class='ocrx_word' id='word_1_64' title='bbox 368 1705 633 1779; x_wconf 87' lang='lat' dir='ltr'><strong>Bacchi</strong></span> <span class='ocrx_word' id='word_1_65' title='bbox 684 1717 819 1780; x_wconf 89' lang='lat' dir='ltr'><strong>aut</strong></span> <span class='ocrx_word' id='word_1_66' title='bbox 866 1704 1213 1780; x_wconf 86' lang='lat' dir='ltr'><strong>Herculis</strong></span> <span class='ocrx_word' id='word_1_67' title='bbox 1264 1705 1698 1781; x_wconf 74' lang='lat' dir='ltr'><strong>descensum</strong></span> <span class='ocrx_word' id='word_1_68' title='bbox 1748 1710 2125 1784; x_wconf 78' lang='lat' dir='ltr'><strong>enarravit</strong></span> <span class='ocrx_word' id='word_1_69' title='bbox 2171 1707 2308 1782; x_wconf 87' lang='lat' dir='ltr'><strong>sed</strong></span> 
     </span>
     <span class='ocr_line' id='line_1_13' title="bbox 198 1823 2402 1926; baseline 0.001 -26"><span class='ocrx_word' id='word_1_70' title='bbox 198 1823 443 1924; x_wconf 80' lang='lat' dir='ltr'><strong>Orphei</strong></span> <span class='ocrx_word' id='word_1_71' title='bbox 512 1828 789 1924; x_wconf 81' lang='lat' dir='ltr'><strong>ipsius,</strong></span> <span class='ocrx_word' id='word_1_72' title='bbox 868 1848 1134 1926; x_wconf 87' lang='lat' dir='ltr'><strong>quum</strong></span> <span class='ocrx_word' id='word_1_73' title='bbox 1210 1827 1587 1925; x_wconf 84' lang='lat' dir='ltr'><strong>pallida</strong></span> <span class='ocrx_word' id='word_1_74' title='bbox 1652 1850 1931 1924; x_wconf 83' lang='lat' dir='ltr'><strong>regna</strong></span> <span class='ocrx_word' id='word_1_75' title='bbox 1993 1828 2305 1902; x_wconf 85' lang='lat' dir='ltr'><strong>Bisto-</strong></span> <span class='ocrx_word' id='word_1_76' title='bbox 2393 1851 2402 1864; x_wconf 87' lang='grc'><em>·</em></span> 
     </span>
     <span class='ocr_line' id='line_1_14' title="bbox 193 1945 2302 2045; baseline 0.002 -28"><span class='ocrx_word' id='word_1_77' title='bbox 193 1947 379 2020; x_wconf 86' lang='lat' dir='ltr'><strong>nius</strong></span> <span class='ocrx_word' id='word_1_78' title='bbox 424 1960 693 2023; x_wconf 86' lang='lat' dir='ltr'><strong>vates</strong></span> <span class='ocrx_word' id='word_1_79' title='bbox 743 1946 1347 2045; x_wconf 86' lang='lat' dir='ltr'><strong>flammisque</strong></span> <span class='ocrx_word' id='word_1_80' title='bbox 1397 1945 1932 2022; x_wconf 85' lang='lat' dir='ltr'><strong>Acheronta</strong></span> <span class='ocrx_word' id='word_1_81' title='bbox 1980 1970 2302 2022; x_wconf 86' lang='lat' dir='ltr'><strong>sonan-</strong></span> 
     </span>
     <span class='ocr_line' id='line_1_15' title="bbox 196 2065 2303 2169; baseline 0.001 -30"><span class='ocrx_word' id='word_1_82' title='bbox 196 2077 356 2140; x_wconf 87' lang='lat' dir='ltr'><strong>tem</strong></span> <span class='ocrx_word' id='word_1_83' title='bbox 412 2068 850 2166; x_wconf 86' lang='lat' dir='ltr'><strong>placavit</strong></span> <span class='ocrx_word' id='word_1_84' title='bbox 912 2066 1179 2166; x_wconf 84' lang='lat' dir='ltr'><strong>(Silius</strong></span> <span class='ocrx_word' id='word_1_85' title='bbox 1243 2065 1376 2140; x_wconf 84' lang='lat' dir='ltr'><strong>XI.</strong></span> <span class='ocrx_word' id='word_1_86' title='bbox 1440 2067 1650 2169; x_wconf 80' lang='lat'><strong>473.)</strong></span> <span class='ocrx_word' id='word_1_87' title='bbox 1718 2070 2052 2167; x_wconf 86' lang='lat' dir='ltr'><strong>sequitur</strong></span> <span class='ocrx_word' id='word_1_88' title='bbox 2113 2068 2303 2142; x_wconf 88' lang='lat' dir='ltr'><strong>hanc</strong></span> 
     </span>
     <span class='ocr_line' id='line_1_16' title="bbox 195 2182 2303 2287; baseline 0 -26"><span class='ocrx_word' id='word_1_89' title='bbox 195 2184 489 2262; x_wconf 76' lang='lat' dir='ltr'><strong>fabulam</strong></span> <span class='ocrx_word' id='word_1_90' title='bbox 504 2240 528 2278; x_wconf 88' lang='lat'><strong>,</strong></span> <span class='ocrx_word' id='word_1_91' title='bbox 601 2208 826 2285; x_wconf 88' lang='lat' dir='ltr'><strong>quam</strong></span> <span class='ocrx_word' id='word_1_92' title='bbox 878 2182 1296 2262; x_wconf 85' lang='lat' dir='ltr'><strong>Clavierius</strong></span> <span class='ocrx_word' id='word_1_93' title='bbox 1362 2186 1464 2260; x_wconf 89' lang='lat' dir='ltr'><strong>ad</strong></span> <span class='ocrx_word' id='word_1_94' title='bbox 1512 2187 1862 2286; x_wconf 87' lang='lat' dir='ltr'><strong>Apollod.</strong></span> <span class='ocrx_word' id='word_1_95' title='bbox 1928 2188 2015 2264; x_wconf 87' lang='grc' dir='ltr'><strong>Τ.</strong></span> <span class='ocrx_word' id='word_1_96' title='bbox 2065 2190 2158 2262; x_wconf 93' lang='grc' dir='ltr'><strong>Π.</strong></span> <span class='ocrx_word' id='word_1_97' title='bbox 2228 2213 2303 2287; x_wconf 91' lang='lat' dir='ltr'><strong>p.</strong></span> 
     </span>
     <span class='ocr_line' id='line_1_17' title="bbox 196 2307 2304 2405; baseline 0 -25"><span class='ocrx_word' id='word_1_98' title='bbox 196 2307 297 2382; x_wconf 83' lang='grc'><strong>32.</strong></span> <span class='ocrx_word' id='word_1_99' title='bbox 342 2308 432 2385; x_wconf 88' lang='lat' dir='ltr'><strong>ab</strong></span> <span class='ocrx_word' id='word_1_100' title='bbox 461 2307 1076 2382; x_wconf 85' lang='lat' dir='ltr'><strong>Hermesianacte</strong></span> <span class='ocrx_word' id='word_1_101' title='bbox 1122 2308 1507 2383; x_wconf 81' lang='lat' dir='ltr'><strong>inventam</strong></span> <span class='ocrx_word' id='word_1_102' title='bbox 1556 2319 1807 2405; x_wconf 83' lang='lat' dir='ltr'><strong>putat,</strong></span> <span class='ocrx_word' id='word_1_103' title='bbox 1856 2330 2011 2382; x_wconf 95' lang='lat' dir='ltr'><strong>non</strong></span> <span class='ocrx_word' id='word_1_104' title='bbox 2059 2309 2304 2382; x_wconf 87' lang='lat' dir='ltr'><strong>solum</strong></span> 
     </span>
    </p>
   </div>
   <div class='ocr_carea' id='block_1_5' title="bbox 193 2397 2476 2527">
    <p class='ocr_par' dir='ltr' id='par_1_5' title="bbox 193 2397 2476 2527">
     <span class='ocr_line' id='line_1_18' title="bbox 193 2397 2476 2527; baseline -0.004 -21"><span class='ocrx_word' id='word_1_105' title='bbox 193 2428 383 2526; x_wconf 79' lang='lat' dir='ltr'><strong>hujus</strong></span> <span class='ocrx_word' id='word_1_106' title='bbox 433 2440 754 2506; x_wconf 79' lang='lat' dir='ltr'><strong>aetatem</strong></span> <span class='ocrx_word' id='word_1_107' title='bbox 806 2397 1357 2503; x_wconf 33' lang='lat' dir='ltr'><strong>excedere-*sed</strong></span> <span class='ocrx_word' id='word_1_108' title='bbox 1407 2430 1638 2503; x_wconf 86' lang='lat' dir='ltr'><strong>etiam</strong></span> <span class='ocrx_word' id='word_1_109' title='bbox 1685 2428 1994 2504; x_wconf 85' lang='lat' dir='ltr'><strong>Platone</strong></span> <span class='ocrx_word' id='word_1_110' title='bbox 2045 2426 2304 2527; x_wconf 83' lang='lat' dir='ltr'><strong>Symp.</strong></span> <span class='ocrx_word' id='word_1_111' title='bbox 2467 2443 2476 2448; x_wconf 85' lang='grc'><em>·</em></span> 
     </span>
    </p>
   </div>
   <div class='ocr_carea' id='block_1_6' title="bbox 195 2546 2307 3735">
    <p class='ocr_par' dir='ltr' id='par_1_6' title="bbox 195 2546 2307 3735">
     <span class='ocr_line' id='line_1_19' title="bbox 195 2546 2306 2649; baseline -0.001 -25"><span class='ocrx_word' id='word_1_112' title='bbox 195 2573 257 2648; x_wconf 89' lang='lat' dir='ltr'><strong>p.</strong></span> <span class='ocrx_word' id='word_1_113' title='bbox 286 2554 440 2628; x_wconf 84' lang='grc'><strong>179.</strong></span> <span class='ocrx_word' id='word_1_114' title='bbox 490 2553 591 2626; x_wconf 89' lang='lat' dir='ltr'><strong>D.</strong></span> <span class='ocrx_word' id='word_1_115' title='bbox 641 2563 717 2624; x_wconf 91' lang='lat' dir='ltr'><strong>et</strong></span> <span class='ocrx_word' id='word_1_116' title='bbox 746 2549 1112 2648; x_wconf 85' lang='lat' dir='ltr'><strong>Euripide</strong></span> <span class='ocrx_word' id='word_1_117' title='bbox 1155 2548 1318 2629; x_wconf 88' lang='lat' dir='ltr'><strong>Alc.</strong></span> <span class='ocrx_word' id='word_1_118' title='bbox 1348 2546 1523 2624; x_wconf 82' lang='lat'><strong>557.</strong></span> <span class='ocrx_word' id='word_1_119' title='bbox 1574 2551 2068 2649; x_wconf 83' lang='lat' dir='ltr'><strong>antiquiorem</strong></span> <span class='ocrx_word' id='word_1_120' title='bbox 2120 2570 2306 2639; x_wconf 86' lang='lat' dir='ltr'><strong>esse,</strong></span> 
     </span>
     <span class='ocr_line' id='line_1_20' title="bbox 199 2669 2307 2772; baseline -0.002 -27"><span class='ocrx_word' id='word_1_121' title='bbox 199 2684 345 2746; x_wconf 77' lang='lat' dir='ltr'><strong>ante</strong></span> <span class='ocrx_word' id='word_1_122' title='bbox 389 2694 577 2772; x_wconf 84' lang='lat' dir='ltr'><strong>quos</strong></span> <span class='ocrx_word' id='word_1_123' title='bbox 610 2672 855 2768; x_wconf 77' lang='lat' dir='ltr'><strong>Zoega</strong></span> <span class='ocrx_word' id='word_1_124' title='bbox 901 2671 1245 2746; x_wconf 84' lang='lat' dir='ltr'><strong>Bassirel.</strong></span> <span class='ocrx_word' id='word_1_125' title='bbox 1295 2695 1371 2771; x_wconf 92' lang='lat' dir='ltr'><strong>p.</strong></span> <span class='ocrx_word' id='word_1_126' title='bbox 1410 2670 1579 2745; x_wconf 89' lang='grc'><strong>198.</strong></span> <span class='ocrx_word' id='word_1_127' title='bbox 1628 2670 1916 2744; x_wconf 87' lang='lat' dir='ltr'><strong>nullum</strong></span> <span class='ocrx_word' id='word_1_128' title='bbox 1968 2669 2129 2765; x_wconf 84' lang='lat' dir='ltr'><strong>ejus</strong></span> <span class='ocrx_word' id='word_1_129' title='bbox 2180 2691 2307 2744; x_wconf 86' lang='lat' dir='ltr'><strong>ve-</strong></span> 
     </span>
     <span class='ocr_line' id='line_1_21' title="bbox 198 2787 2302 2891; baseline -0 -24"><span class='ocrx_word' id='word_1_130' title='bbox 198 2795 465 2889; x_wconf 69' lang='lat' dir='ltr'><strong>sugium</strong></span> <span class='ocrx_word' id='word_1_131' title='bbox 513 2794 827 2891; x_wconf 83' lang='lat' dir='ltr'><strong>reperiri</strong></span> <span class='ocrx_word' id='word_1_132' title='bbox 876 2790 1240 2866; x_wconf 84' lang='lat' dir='ltr'><strong>censebat.</strong></span> <span class='ocrx_word' id='word_1_133' title='bbox 1342 2789 1653 2867; x_wconf 80' lang='lat' dir='ltr'><strong>Servius</strong></span> <span class='ocrx_word' id='word_1_134' title='bbox 1708 2788 1809 2864; x_wconf 91' lang='lat' dir='ltr'><strong>ad</strong></span> <span class='ocrx_word' id='word_1_135' title='bbox 1858 2790 2125 2885; x_wconf 80' lang='lat' dir='ltr'><strong>Georg.</strong></span> <span class='ocrx_word' id='word_1_136' title='bbox 2173 2787 2302 2866; x_wconf 88' lang='lat' dir='ltr'><strong>IV.</strong></span> 
     </span>
     <span class='ocr_line' id='line_1_22' title="bbox 200 2908 2303 3012; baseline -0.002 -26"><span class='ocrx_word' id='word_1_137' title='bbox 200 2910 347 2989; x_wconf 75' lang='grc'><strong>311.</strong></span> <span class='ocrx_word' id='word_1_138' title='bbox 394 2913 822 3012; x_wconf 84' lang='lat' dir='ltr'><strong>Orpheus</strong></span> <span class='ocrx_word' id='word_1_139' title='bbox 889 2932 1343 3010; x_wconf 87' lang='lat' dir='ltr'><strong>quaerens</strong></span> <span class='ocrx_word' id='word_1_140' title='bbox 1407 2914 1733 2986; x_wconf 87' lang='lat' dir='ltr'><strong>uxoris</strong></span> <span class='ocrx_word' id='word_1_141' title='bbox 1782 2908 2303 3004; x_wconf 81' lang='lat' dir='ltr'><strong>Eurydices</strong></span> 
     </span>
     <span class='ocr_line' id='line_1_23' title="bbox 200 3029 2305 3127; baseline -0.003 -20"><span class='ocrx_word' id='word_1_142' title='bbox 200 3046 557 3108; x_wconf 73' lang='lat' dir='ltr'><strong>mortem</strong></span> <span class='ocrx_word' id='word_1_143' title='bbox 637 3031 751 3106; x_wconf 92' lang='lat' dir='ltr'><strong>ad</strong></span> <span class='ocrx_word' id='word_1_144' title='bbox 823 3032 1184 3127; x_wconf 81' lang='lat' dir='ltr'><strong>inferos</strong></span> <span class='ocrx_word' id='word_1_145' title='bbox 1266 3030 1878 3106; x_wconf 76' lang='lat' dir='ltr'><strong>descendisse</strong></span> <span class='ocrx_word' id='word_1_146' title='bbox 1965 3029 2305 3103; x_wconf 81' lang='lat' dir='ltr'><strong>existi-</strong></span> 
     </span>
     <span class='ocr_line' id='line_1_24' title="bbox 202 3148 2305 3243; baseline -0.003 -19"><span class='ocrx_word' id='word_1_147' title='bbox 202 3166 505 3243; x_wconf 84' lang='lat' dir='ltr'><strong>matur,</strong></span> <span class='ocrx_word' id='word_1_148' title='bbox 610 3164 687 3227; x_wconf 82' lang='lat' dir='ltr'><strong>et</strong></span> <span class='ocrx_word' id='word_1_149' title='bbox 777 3150 879 3226; x_wconf 90' lang='lat' dir='ltr'><strong>ad</strong></span> <span class='ocrx_word' id='word_1_150' title='bbox 906 3188 921 3205; x_wconf 44' lang='grc' dir='ltr'>κ</span> <span class='ocrx_word' id='word_1_151' title='bbox 946 3174 1027 3227; x_wconf 89' lang='lat' dir='ltr'><strong>.v.</strong></span> <span class='ocrx_word' id='word_1_152' title='bbox 1091 3150 1267 3225; x_wconf 80' lang='grc'><strong>493.</strong></span> <span class='ocrx_word' id='word_1_153' title='bbox 1349 3151 1567 3224; x_wconf 85' lang='lat' dir='ltr'><strong>affert</strong></span> <span class='ocrx_word' id='word_1_154' title='bbox 1639 3148 1925 3222; x_wconf 90' lang='lat' dir='ltr'><strong>Lucani</strong></span> <span class='ocrx_word' id='word_1_155' title='bbox 2005 3169 2305 3226; x_wconf 84' lang='lat' dir='ltr'><strong>versum</strong></span> 
     </span>
     <span class='ocr_line' id='line_1_25' title="bbox 202 3269 2302 3372; baseline -0.004 -26"><span class='ocrx_word' id='word_1_156' title='bbox 202 3294 283 3346; x_wconf 84' lang='lat' dir='ltr'><strong>cx</strong></span> <span class='ocrx_word' id='word_1_157' title='bbox 340 3277 497 3371; x_wconf 69' lang='lat' dir='ltr'><strong>eius</strong></span> <span class='ocrx_word' id='word_1_158' title='bbox 568 3273 907 3372; x_wconf 82' lang='lat' dir='ltr'><strong>Orpheo:</strong></span> <span class='ocrx_word' id='word_1_159' title='bbox 980 3269 1418 3345; x_wconf 84' lang='lat' dir='ltr'><strong>Gaudent</strong></span> <span class='ocrx_word' id='word_1_160' title='bbox 1501 3293 1552 3343; x_wconf 90' lang='lat' dir='ltr'><strong>a</strong></span> <span class='ocrx_word' id='word_1_161' title='bbox 1600 3269 1805 3342; x_wconf 88' lang='lat' dir='ltr'><strong>luce</strong></span> <span class='ocrx_word' id='word_1_162' title='bbox 1870 3270 2302 3343; x_wconf 88' lang='lat' dir='ltr'><strong>relictam</strong></span> 
     </span>
     <span class='ocr_line' id='line_1_26' title="bbox 202 3387 2305 3490; baseline -0.003 -23"><span class='ocrx_word' id='word_1_163' title='bbox 202 3392 703 3490; x_wconf 79' lang='lat' dir='ltr'><strong>Eurydicen</strong></span> <span class='ocrx_word' id='word_1_164' title='bbox 752 3395 1095 3467; x_wconf 88' lang='lat' dir='ltr'><strong>iterum</strong></span> <span class='ocrx_word' id='word_1_165' title='bbox 1148 3401 1645 3490; x_wconf 83' lang='lat' dir='ltr'><strong>sperantes</strong></span> <span class='ocrx_word' id='word_1_166' title='bbox 1698 3388 2075 3487; x_wconf 85' lang='lat' dir='ltr'><strong>Orphea</strong></span> <span class='ocrx_word' id='word_1_167' title='bbox 2130 3387 2305 3461; x_wconf 87' lang='lat' dir='ltr'><strong>Ma-</strong></span> 
     </span>
     <span class='ocr_line' id='line_1_27' title="bbox 204 3508 2304 3617; baseline -0.003 -31"><span class='ocrx_word' id='word_1_168' title='bbox 204 3519 460 3613; x_wconf 78' lang='lat' dir='ltr'><strong>nes[⁸].</strong></span> <span class='ocrx_word' id='word_1_169' title='bbox 573 3514 695 3587; x_wconf 86' lang='lat' dir='ltr'><strong>Ex</strong></span> <span class='ocrx_word' id='word_1_170' title='bbox 730 3514 1068 3617; x_wconf 85' lang='lat' dir='ltr'><strong>carmine</strong></span> <span class='ocrx_word' id='word_1_171' title='bbox 1114 3512 1287 3610; x_wconf 84' lang='lat' dir='ltr'><strong>ipso</strong></span> <span class='ocrx_word' id='word_1_172' title='bbox 1337 3510 1530 3585; x_wconf 85' lang='lat' dir='ltr'><strong>nihil</strong></span> <span class='ocrx_word' id='word_1_173' title='bbox 1577 3521 1847 3601; x_wconf 84' lang='lat' dir='ltr'><strong>restat,</strong></span> <span class='ocrx_word' id='word_1_174' title='bbox 1910 3509 2057 3585; x_wconf 79' lang='lat' dir='ltr'><strong>nisi</strong></span> <span class='ocrx_word' id='word_1_175' title='bbox 2109 3508 2304 3581; x_wconf 83' lang='lat' dir='ltr'><strong>forte</strong></span> 
     </span>
     <span class='ocr_line' id='line_1_28' title="bbox 204 3629 2306 3735; baseline -0.002 -28"><span class='ocrx_word' id='word_1_176' title='bbox 204 3634 363 3709; x_wconf 87' lang='lat' dir='ltr'><strong>illud</strong></span> <span class='ocrx_word' id='word_1_177' title='bbox 456 3632 659 3735; x_wconf 88' lang='lat' dir='ltr'><strong>quod</strong></span> <span class='ocrx_word' id='word_1_178' title='bbox 759 3632 1195 3708; x_wconf 84' lang='lat' dir='ltr'><strong>Plutarchus</strong></span> <span class='ocrx_word' id='word_1_179' title='bbox 1300 3632 1385 3704; x_wconf 90' lang='lat' dir='ltr'><strong>in</strong></span> <span class='ocrx_word' id='word_1_180' title='bbox 1488 3629 1761 3705; x_wconf 82' lang='lat' dir='ltr'><strong>celebri</strong></span> <span class='ocrx_word' id='word_1_181' title='bbox 1863 3629 2306 3729; x_wconf 75' lang='lat' dir='ltr'><strong>Epimythie</strong></span> 
     </span>
    </p>
   </div>
   <div class='ocr_carea' id='block_1_7' title="bbox 206 3781 2414 4213">
    <p class='ocr_par' dir='ltr' id='par_1_7' title="bbox 206 3781 2414 4213">
     <span class='ocr_line' id='line_1_29' title="bbox 320 3781 2306 3861; baseline -0.005 -18"><span class='ocrx_word' id='word_1_182' title='bbox 320 3790 390 3861; x_wconf 76' lang='grc' dir='ltr'><strong>[ε]</strong></span> <span class='ocrx_word' id='word_1_183' title='bbox 425 3789 533 3842; x_wconf 90' lang='lat' dir='ltr'><strong>Pro</strong></span> <span class='ocrx_word' id='word_1_184' title='bbox 579 3788 903 3858; x_wconf 78' lang='lat' dir='ltr'><strong>Agriope‚</strong></span> <span class='ocrx_word' id='word_1_185' title='bbox 949 3786 1204 3857; x_wconf 85' lang='lat' dir='ltr'><strong>quomodo</strong></span> <span class='ocrx_word' id='word_1_186' title='bbox 1250 3784 1628 3839; x_wconf 79' lang='lat' dir='ltr'><strong>Remesianax</strong></span> <span class='ocrx_word' id='word_1_187' title='bbox 1658 3784 1845 3837; x_wconf 79' lang='lat' dir='ltr'><strong>Athen.</strong></span> <span class='ocrx_word' id='word_1_188' title='bbox 1893 3783 2045 3837; x_wconf 85' lang='lat' dir='ltr'><strong>XIII.</strong></span> <span class='ocrx_word' id='word_1_189' title='bbox 2079 3783 2199 3837; x_wconf 81' lang='lat'><strong>597.</strong></span> <span class='ocrx_word' id='word_1_190' title='bbox 2242 3781 2306 3834; x_wconf 87' lang='grc' dir='ltr'><strong>Β.</strong></span> 
     </span>
     <span class='ocr_line' id='line_1_30' title="bbox 206 3852 2308 3930; baseline -0 -20"><span class='ocrx_word' id='word_1_191' title='bbox 206 3869 361 3925; x_wconf 71' lang='lat' dir='ltr'><strong>vocat,</strong></span> <span class='ocrx_word' id='word_1_192' title='bbox 392 3860 577 3930; x_wconf 81' lang='lat' dir='ltr'><strong>Zoega</strong></span> <span class='ocrx_word' id='word_1_193' title='bbox 608 3858 646 3911; x_wconf 91' lang='lat' dir='ltr'><strong>l.</strong></span> <span class='ocrx_word' id='word_1_194' title='bbox 682 3876 728 3912; x_wconf 85' lang='lat' dir='ltr'><strong>c.</strong></span> <span class='ocrx_word' id='word_1_195' title='bbox 764 3859 1066 3927; x_wconf 71' lang='lat' dir='ltr'><strong>Argiope</strong></span> <span class='ocrx_word' id='word_1_196' title='bbox 1102 3863 1162 3910; x_wconf 82' lang='lat' dir='ltr'><strong>ut</strong></span> <span class='ocrx_word' id='word_1_197' title='bbox 1203 3856 1378 3910; x_wconf 78' lang='lat' dir='ltr'><strong>mitius</strong></span> <span class='ocrx_word' id='word_1_198' title='bbox 1412 3870 1597 3909; x_wconf 85' lang='lat' dir='ltr'><strong>nomen</strong></span> <span class='ocrx_word' id='word_1_199' title='bbox 1630 3854 1876 3907; x_wconf 64' lang='lat' dir='ltr'><strong>substitui</strong></span> <span class='ocrx_word' id='word_1_200' title='bbox 1911 3852 2153 3907; x_wconf 79' lang='lat' dir='ltr'><strong>malebat.</strong></span> <span class='ocrx_word' id='word_1_201' title='bbox 2206 3854 2308 3914; x_wconf 73' lang='lat' dir='ltr'><strong>Ar.-</strong></span> 
     </span>
     <span class='ocr_line' id='line_1_31' title="bbox 206 3916 2308 3999; baseline -0.006 -14"><span class='ocrx_word' id='word_1_202' title='bbox 206 3928 332 3999; x_wconf 67' lang='lat' dir='ltr'><strong>giopc</strong></span> <span class='ocrx_word' id='word_1_203' title='bbox 360 3930 640 3984; x_wconf 79' lang='lat' dir='ltr'><strong>Philammo</strong></span> <span class='ocrx_word' id='word_1_204' title='bbox 764 3944 897 3982; x_wconf 85' lang='lat' dir='ltr'><strong>uxor</strong></span> <span class='ocrx_word' id='word_1_205' title='bbox 930 3927 1124 3981; x_wconf 80' lang='lat' dir='ltr'><strong>dicitur</strong></span> <span class='ocrx_word' id='word_1_206' title='bbox 1155 3926 1204 3978; x_wconf 79' lang='lat' dir='ltr'>A</span> <span class='ocrx_word' id='word_1_207' title='bbox 1241 3925 1492 3990; x_wconf 86' lang='lat' dir='ltr'><strong>ollodoro‚</strong></span> <span class='ocrx_word' id='word_1_208' title='bbox 1529 3925 1748 3978; x_wconf 77' lang='lat' dir='ltr'><strong>Arsinoe</strong></span> <span class='ocrx_word' id='word_1_209' title='bbox 1781 3924 1928 3977; x_wconf 80' lang='lat' dir='ltr'><strong>Suid.</strong></span> <span class='ocrx_word' id='word_1_210' title='bbox 1964 3943 2006 3977; x_wconf 81' lang='lat' dir='ltr'><strong>s.</strong></span> <span class='ocrx_word' id='word_1_211' title='bbox 2046 3916 2308 3993; x_wconf 70' lang='grc' dir='ltr'><strong><em>Θάμυρις,</em></strong></span> 
     </span>
     <span class='ocr_line' id='line_1_32' title="bbox 207 3945 2313 4075; baseline -0.005 -22"><span class='ocrx_word' id='word_1_212' title='bbox 207 3999 355 4053; x_wconf 77' lang='lat' dir='ltr'><strong>Schol.</strong></span> <span class='ocrx_word' id='word_1_213' title='bbox 397 4002 463 4054; x_wconf 79' lang='lat' dir='ltr'><strong>sd</strong></span> <span class='ocrx_word' id='word_1_214' title='bbox 502 4000 575 4053; x_wconf 87' lang='lat'><strong>·11.</strong></span> <span class='ocrx_word' id='word_1_215' title='bbox 681 4037 697 4051; x_wconf 94' lang='lat'><strong>.</strong></span> <span class='ocrx_word' id='word_1_216' title='bbox 742 3996 829 4052; x_wconf 75' lang='lat'><strong>49.</strong></span> <span class='ocrx_word' id='word_1_217' title='bbox 875 3998 1079 4053; x_wconf 79' lang='lat' dir='ltr'><strong>Eudoc·</strong></span> <span class='ocrx_word' id='word_1_218' title='bbox 1114 4012 1165 4066; x_wconf 78' lang='lat' dir='ltr'><strong>p.</strong></span> <span class='ocrx_word' id='word_1_219' title='bbox 1197 3945 1285 4051; x_wconf 51' lang='grc' dir='ltr'><strong>ἐξ.</strong></span> <span class='ocrx_word' id='word_1_220' title='bbox 1332 3996 1626 4066; x_wconf 77' lang='lat' dir='ltr'><strong>Sequentes</strong></span> <span class='ocrx_word' id='word_1_221' title='bbox 1657 3993 2097 4051; x_wconf 55' lang='lat' dir='ltr'><strong>Heme-tianae&amp;-</strong></span> <span class='ocrx_word' id='word_1_222' title='bbox 2129 4008 2313 4075; x_wconf 67' lang='lat' dir='ltr'><strong>versus</strong></span> 
     </span>
     <span class='ocr_line' id='line_1_33' title="bbox 210 4061 2414 4140; baseline -0.006 -16"><span class='ocrx_word' id='word_1_223' title='bbox 210 4071 329 4123; x_wconf 73' lang='lat' dir='ltr'><strong>varic</strong></span> <span class='ocrx_word' id='word_1_224' title='bbox 370 4070 635 4140; x_wconf 69' lang='lat' dir='ltr'><strong>corrigunt</strong></span> <span class='ocrx_word' id='word_1_225' title='bbox 680 4070 954 4124; x_wconf 81' lang='lat' dir='ltr'><strong>Jacobsius</strong></span> <span class='ocrx_word' id='word_1_226' title='bbox 1006 4067 1175 4123; x_wconf 76' lang='lat' dir='ltr'><strong>Emm.</strong></span> <span class='ocrx_word' id='word_1_227' title='bbox 1220 4085 1274 4138; x_wconf 86' lang='lat' dir='ltr'><strong>p.</strong></span> <span class='ocrx_word' id='word_1_228' title='bbox 1320 4064 1444 4120; x_wconf 78' lang='lat'><strong>822.</strong></span> <span class='ocrx_word' id='word_1_229' title='bbox 1492 4064 1818 4121; x_wconf 83' lang='lat' dir='ltr'><strong>Doederlein.</strong></span> <span class='ocrx_word' id='word_1_230' title='bbox 1854 4063 2083 4137; x_wconf 82' lang='lat' dir='ltr'><strong>Symbol.</strong></span> <span class='ocrx_word' id='word_1_231' title='bbox 2119 4061 2308 4116; x_wconf 86' lang='lat' dir='ltr'><strong>Plnlol.</strong></span> <span class='ocrx_word' id='word_1_232' title='bbox 2413 4130 2414 4133; x_wconf 8' lang='grc' dir='ltr'><strong>Ἴ</strong></span> 
     </span>
     <span class='ocr_line' id='line_1_34' title="bbox 209 4134 1423 4213; baseline -0.006 -16"><span class='ocrx_word' id='word_1_233' title='bbox 209 4134 1423 4213; x_wconf 56' lang='lat' dir='ltr'><strong>pmetvodmadffincer.p.180.</strong></span> 
     </span>
    </p>
   </div>
  </div>
 </body>
</html>
