2873 4897
547 311 698 387 212
1005 324 1050 391 ᾖ
1255 320 1543 374 menn
1594 320 1965 375 PRIMUS.

547 484 892 558 Lareheri
944 481 1249 556 consilio
1302 478 1401 553 ad
1451 477 1732 553 Herod.
1786 476 1871 553 Τ.
1925 477 2013 550 V.
2063 476 2239 551 471.
2292 499 2442 576 seq.
2496 477 2691 551 duas

547 604 948 700 Aglauros,
1013 599 1471 697 totidemque
1519 598 1933 697 Eumolpos
1982 598 2404 688 inferentis,
2458 620 2694 696 quum

544 724 982 825 praesertim
1047 718 1474 793 Alcidamas
1536 721 1618 792 in
1683 718 1964 791 Palam.
2031 743 2105 817 p.
2157 714 2283 791 75.
2351 717 2435 791 T.
2489 717 2691 792 vm.

545 845 970 916 testificetur
1031 840 1543 913 Menestheum
1611 835 1878 912 Thesei
1941 839 2177 913 filium
2231 838 2469 912 aciem
2516 859 2694 910 eon-

546 975 662 1036 tra
739 938 1191 1057 E'umolpum
1273 960 1748 1050 instruxisse,
1833 958 2102 1032 Strabo
2177 980 2363 1032 vero
2424 958 2691 1030 Ionem

544 1082 721 1155 belli
787 1081 1050 1155 dueem
1113 1079 1503 1178 perhibeat
1563 1079 2054 1177 reprehensus
2106 1078 2203 1152 oh
2256 1079 2415 1150 hoc.
2440 1100 2491 1150 a
2541 1072 2711 1149 Va-'

544 1205 726 1296 lesio
779 1200 879 1275 ad
928 1201 1162 1299 Harp.
1215 1224 1289 1299 p.
1322 1198 1497 1272 261.
1552 1213 1628 1273 et
1676 1199 2078 1273 Meinersio
2128 1196 2417 1272 Comm.
2463 1199 2689 1271 Goet-

543 1325 715 1417 ting.
784 1321 868 1395 T.
936 1320 1136 1393 XVI.
1200 1344 1275 1417 p.
1342 1319 1516 1392 240.
1582 1319 1982 1418 Euripides
2048 1318 2414 1394 Tiresiam
2480 1319 2689 1418 pasis

541 1446 737 1516 inter
804 1442 1124 1515 Thraces
1191 1451 1267 1511 et
1311 1438 1805 1513 Athenienses
1859 1439 2405 1514 conciliatorem
2416 1466 2447 1528 ·,
2499 1439 2689 1512 Pau-

542 1566 789 1635 sanias
843 1561 1161 1658 denique
1210 1558 1619 1652 Dysaulen'
1654 1557 1861 1633 Celei
1909 1560 2238 1652 fratrem,
2285 1563 2412 1659 qui
2462 1562 2689 1632 tertia

540 1694 716 1781 post
794 1681 1317 1754 Prometheum
1400 1689 1648 1751 aetate
1725 1680 1967 1767 vixit,
2048 1679 2142 1752 ab
2222 1681 2405 1753 Ione
2481 1680 2684 1779 pole—

540 1801 840 1875 marcho
892 1800 1192 1896 pulsum
1242 1809 1494 1870 narret
1542 1798 1634 1869 Π.
1692 1797 1810 1871 14.
1904 1797 2119 1873 Haec
2170 1822 2427 1873 omnes
2479 1801 2689 1873 chro-

539 1921 981 2016 nologorum
1017 1915 1331 1991 circulos
1360 1915 1836 2008 conturbant3
1887 1920 2312 1994 rationes
2343 1922 2685 2016 jacent,

542 2039 774 2112 silet
813 2037 1324 2133 judicium,
1377 2035 1600 2135 qui-d
1650 2048 1971 2131 agant,
2022 2038 2598 2138 nesciunt[¹].

744 2156 987 2247 Quam
1068 2171 1407 2232 accurate
1484 2159 1799 2230 istorum
1881 2169 2304 2255 temporum
2368 2162 2684 2234 historia

541 2277 816 2352 tradita
866 2280 988 2368 sit,
1041 2278 1384 2375 exemplo
1439 2289 1553 2349 est
1602 2274 1804 2374 quod
1853 2278 1981 2375 qui
2010 2289 2174 2350 tum
2204 2279 2431 2353 fuerit
2455 2279 2684 2353 Athe-

540 2401 656 2472 nis
725 2410 1107 2497 quaestor,
1174 2398 1589 2471 memoriae
1651 2396 2031 2494 proditum
2084 2398 2432 2494 legimus3
2502 2400 2685 2494 Pyr-

537 2519 941 2593 rhandrum
1005 2521 1344 2592 nominat
1410 2514 1897 2591 Callinthenes
1959 2518 2041 2591 in
2093 2518 2465 2594 Thracieis
2478 2572 2500 2609 ,
2554 2542 2684 2593 au-

542 2651 703 2711 etor
769 2639 1218 2712 certissimus
1281 2635 1475 2708 Plut.
1528 2637 1795 2710 Paran.
1848 2662 1907 2710 c.
1962 2637 2083 2711 31.
2134 2637 2310 2713 430.
2410 2641 2685 2714 Erech·

540 2757 796 2829 theum
825 2756 1180 2854 Eumolpi
1228 2756 1596 2830 victorem
1643 2765 1722 2829 et
1746 2757 2297 2830 interfectorem
2329 2780 2377 2831 a
2402 2759 2476 2833 N
2475 2772 2684 2857 epm-

541 2897 639 2948 no
697 2879 1176 2974 oppressum‘
1216 2896 1412 2964 esse,
1481 2873 1879 2974 Euripides
1942 2876 2098 2950 Ion.
2150 2874 2323 2952 285.
2373 2876 2687 2977 Apollo-

540 2989 769 3068 dorus
835 3005 911 3067 et
958 2994 1302 3088 Hyginus
1352 3007 1691 3086 narrant3
1753 2996 2160 3070 Pausanias
2220 3017 2397 3070 vero
2448 3001 2506 3073 1.
2563 3000 2683 3076 38.

542 3127 622 3187 et
669 3115 912 3188 Schol.
961 3112 1268 3187 Aristid.
1319 3136 1395 3211 p.
1444 3114 1571 3188 40.
1623 3125 1942 3212 utroque
1990 3118 2390 3214 supa-stite
2421 3141 2687 3217 paoem

685 3331 760 3404 [Ι]
795 3333 996 3403 Iniuste
1030 3335 1044 3350 “
1086 3335 1194 3389 ‘tur
1228 3335 1478 3404 Micyllus
1512 3337 1578 3389 sd
1615 3336 1774 3390 Ovid.
1814 3336 1945 3391 Met.
1972 3339 2064 3391 lv.
2098 3338 2234 3393 Feb.
2262 3340 2380 3394 VII.
2414 3340 2592 3394 Verhe
2630 3341 2687 3395 k.

541 3402 610 3458 sd
657 3403 847 3457 Anton.
897 3422 942 3456 c.
1155 3444 1169 3457 .
1206 3415 1260 3459 et
1293 3403 1643 3460 Schneiderus
1675 3407 1731 3458 in
1762 3407 1902 3460 Bibl.
1938 3405 2127 3461 Philol.
2166 3411 2435 3479 Goetting.
2472 3411 2543 3463 T.
2670 3450 2687 3464 .

538 3491 593 3544 p.
642 3471 762 3527 480.
826 3474 1172 3530 Scholiastam
1229 3476 1416 3547 Elun’p.
1463 3478 1559 3530 Or.
1606 3476 1727 3530 952.
1772 3478 2185 3548 reprehendunt,
2246 3480 2386 3550 quod
2434 3479 2689 3538 Cerere-

538 3544 679 3612 spud
711 3544 1190 3614 Hipppothoontem
1224 3546 1509 3615 Cercyonis
1542 3546 1705 3600 filium
1739 3547 2015 3600 divertisse
2049 3550 2268 3614 dixerit3
2302 3567 2422 3603 nam
2446 3550 2688 3619 Cercyo-

533 3627 657 3666 nem
687 3613 856 3678 hunc,
890 3632 1042 3683 quem
1077 3616 1316 3669 Theseus
1345 3616 1669 3669 interemisse
1700 3619 1903 3681 fertur,
1951 3619 2263 3688 Triptolemi
2308 3622 2522 3674 flaue-
2556 3639 2689 3706 per·-

537 3683 686 3738 hibet
735 3684 1011 3738 Choerilus
1056 3687 1215 3740 Psus.
1263 3686 1308 3740 1.
1347 3683 1429 3737 14.
1478 3689 1627 3756 cujus
1672 3694 1756 3739 est
1799 3689 2022 3741 sortasse
2056 3707 2238 3742 versus
2273 3692 2341 3744 ab
2377 3691 2687 3746 Herodmno

536 3756 666 3878 2⁸⁹²
712 3760 862 3878 ΜΞ.
911 3753 1659 3879 911813ι1ῗ1ΐαιιιῖἷῖῦμολζτςς.
1679 3753 1909 3826 Δόλιχός
1940 3763 2125 3844 rejecti
2153 3755 2464 3881 ἶπποθόων
2475 3760 2686 3885 &effiti-

535 3842 1134 3965 praegrtltlsilciutergieuophff
1173 3843 1508 3949 Hffiegfsslo.
1545 3834 1819 3966 xsmguffi
1853 3831 2457 3954 Ἑωψὲξηίἃὰῗὲξέξι
2492 3919 2540 3953 m
2581 3850 2687 3955 stai²

531 3979 706 4036 earum
739 3965 892 4017 testis
923 3980 1039 4016 esse
1069 3969 1261 4034 potest.
1329 3966 1516 4035 Neque
1562 3984 1663 4021 non
1682 3968 1812 4021 ‘veri
1843 3967 2007 4024 simile
2038 3969 2245 4023 videtur
2278 3967 2514 4024 Dioclem
2545 3920 2687 4028 {ie-

630 4051 800 4086 ensem
834 4033 1099 4086 Eleusinis
1170 4037 1471 4101 raefectum,
1507 4053 1658 4107 quem
1694 4038 1934 4091 Theseus
1970 4039 2306 4091 circumvenit
2330 4039 2471 4091 Plut.
2510 4041 2683 4098 Thes.

623 4119 728 4172 pro
761 4103 852 4155 illo
886 4101 1098 4156 Cereris
1168 4105 1364 4175 cupite,
1401 4124 1554 4177 quem
1588 4108 1846 4162 Homerus
1879 4108 2138 4173 celebrat,
2179 4108 2411 4162 habitum
2447 4123 2582 4164 esse.
