2873 4897
538 333 693 410 294
1178 347 1470 403 mann
1518 344 2045 402 snmmnus,

541 505 963 601 Hesychius
1033 504 1329 580 Silenos
1409 502 1722 601 proprio
1807 499 2138 600 quodam
2204 501 2716 582 Macedonum

545 625 911 720 voffiulo
962 625 1336 713 Σαυάὸας
1387 623 1540 698 dici
1589 624 2078 699 confirmaret.

747 748 889 822 Illa
940 768 1122 823 vero
1173 747 1347 845 ipsa
1372 745 1736 824 Thraciae
1785 746 1952 820 loca
1968 797 1991 837 ‚
2041 763 2234 844 quae
2260 743 2530 822 Bacchi
2575 765 2717 820 sa-

549 868 691 942 cris
742 869 1097 962 insignita
1146 879 1358 959 sunt,
1424 869 1657 944 etiam
1722 865 2006 965 Orphei
2077 867 2398 961 vestigia
2469 865 2720 962 pluri-

545 1011 671 1062 ma
737 988 1165 1062 ostendunt.
1272 987 1470 1064 Nam
1547 985 1751 1085 quod
1828 986 2347 1064 Dioscuriaffis
2417 985 2720 1061 incolae

542 1107 741 1182 hunc
805 1121 1062 1185 vatem
1128 1107 1334 1208 apud
1397 1130 1483 1182 se
1542 1120 1805 1183 natum
1870 1107 2212 1182 ferebant
2235 1160 2260 1198 ‚
2362 1104 2720 1204 quodque

546 1227 831 1304 Plinius
880 1229 1008 1304 IV.
1064 1230 1184 1306 18.
1250 1241 1331 1303 et
1393 1228 1593 1303 hunc
1640 1242 1995 1328 sequutus
2059 1240 2282 1304 vetus
2332 1226 2718 1302 Plutarchi

548 1352 916 1451 interpres
967 1350 1065 1426 de
1112 1348 1364 1426 Nobil.
1415 1347 1590 1424 XX.
1642 1348 1821 1423 978.
1890 1348 2128 1444 W²ytt.
2175 1348 2264 1423 *id
2311 1348 2539 1424 decus
2589 1348 2717 1424 Si-

548 1470 826 1546 thoniis
891 1471 1115 1548 Ponti
1178 1470 1452 1546 accolis
1518 1468 1905 1548 vindicare
1965 1469 2310 1562 student,
2390 1468 2524 1547 vix
2587 1467 2720 1542 di-

546 1607 772 1687 gnum
822 1602 1267 1670 memoratu.
1372 1588 1747 1687 Oeagrum
1786 1589 2089 1690 quidem
2121 1591 2552 1666 Sithonium
2603 1590 2720 1664 ffl-

547 1714 653 1785 cit
696 1710 1010 1788 Nonnus
1061 1713 1306 1787 XXII.
1365 1713 1536 1787 179.
1586 1712 1722 1788 sed
1776 1712 1937 1807 ejus
1991 1710 2418 1803 Sithoniae,
2487 1733 2715 1810 quam

543 1832 983 1908 Herodotus
1033 1831 1287 1909 verbis
1358 1833 1854 1931 apertissimis
1905 1855 2042 1906 nec
2092 1832 2405 1908 obscure
2469 1834 2532 1908 ii
2581 1832 2716 1907 de-

548 1953 877 2047 signant,
929 1955 1059 2052 qui
1088 1953 1479 2028 Sithonem
1530 1975 1781 2049 regem
1810 1952 2161 2027 Pallenae
2211 1964 2511 2062 patrem
2543 1977 2712 2054 pet-

545 2071 806 2148 hibent
857 2070 1120 2148 Conon
1176 2073 1282 2149 X.
1354 2074 1699 2150 Parthen.
1750 2074 1877 2149 VI.
1949 2074 2194 2151 Nonn.
2244 2074 2584 2150 XLVIII.
2635 2097 2710 2153 v.

556 2193 725 2267 186.
780 2215 1150 2294 quamque
1174 2195 1489 2274 Nonnus
1537 2197 1708 2293 ipse
1750 2195 2086 2273 Ἄθωίδα
2128 2207 2351 2271 vocat
2375 2197 2507 2270 111.
2537 2195 2709 2270 216.

546 2313 990 2412 Euphorion
1042 2328 1300 2390 autem
1349 2315 1647 2413 Fragm.
1698 2335 1776 2413 p.
1835 2311 2005 2388 125.
2058 2314 2393 2410 Olyntho
2447 2316 2710 2412 adjtm-

549 2436 675 2530 git.
779 2432 1166 2537 Orpheum
1232 2438 1486 2538 ipsum
1551 2436 2003 2537 Apollonius
2041 2437 2127 2510 ·I.
2196 2436 2321 2511 30.
2424 2435 2711 2511 Pieriae

548 2556 974 2633 Bistonicae
1021 2581 1271 2654 regem
1320 2570 1583 2649 vocat,
1653 2557 1786 2631 ubi
1846 2557 2026 2631 illae
2092 2555 2469 2655 Orpheo
2533 2559 2709 2630 mi-

551 2688 934 2771 grantes
978 2670 985 2675 ’
1037 2679 1416 2776 pectine
1522 2679 1868 2770 silvae,
1969 2679 2173 2769 sive,
2277 2689 2367 2753 ut
2440 2677 2708 2754 Nican-

555 2795 690 2868 der
740 2799 851 2871 ait
903 2797 1119 2871 Ther.
1170 2798 1349 2872 462.
1415 2800 1690 2901 Ἕβρος
1749 2804 1882 2878 ἵνα
1934 2796 2224 2892 ζωναῖοί
2285 2801 2350 2877 τ’
2417 2802 2558 2902 ὄρη
2608 2843 2706 2857 -

551 2918 681 2994 καὶ
743 2916 967 3021 δρύες
1002 2919 1477 3024 Ὀἶαγρίδαα
1579 2919 1726 2993 His
1796 2919 1983 2995 locis
2056 2920 2538 3015 conjunctum
2601 2932 2709 2994 est

555 3036 939 3114 Serrhium
990 3040 1634 3138 promontorium,
1699 3041 1800 3114 in
1851 3062 2029 3139 quo
2081 3041 2259 3114 ille
2310 3041 2521 3117 sive
2569 3064 2708 3115 sa-

554 3182 927 3234 crorum
1002 3162 1212 3236 sive
1290 3171 1734 3234 cantuum
1821 3174 2204 3235 secreta
2291 3162 2709 3257 agitasse

560 3278 912 3354 dicitur
963 3280 1198 3355 Solin.
1266 3304 1327 3354 c.
1378 3279 1581 3355 XVI.
1641 3304 1727 3357 v.
1783 3280 2190 3355 Tzschuck.
2244 3280 2343 3356 ad
2393 3282 2576 3357 Mel.
2622 3282 2705 3355 Π.

555 3400 628 3473 2.
704 3400 776 3475 8.
877 3401 967 3475 In
1016 3402 1359 3498 Pangaeo
1408 3411 1668 3476 monte
1720 3400 2104 3499 Orpheum
2157 3422 2207 3476 a
2255 3415 2499 3478 matre
2554 3401 2706 3478 Cal-

553 3520 761 3618 liope
823 3545 1303 3597 numerorum
1369 3545 1640 3598 arcana
1711 3521 2063 3599 edoctum
2130 3544 2294 3599 esse
2325 3527 2415 3620 [ὅ]
2499 3537 2708 3602 vetus

558 3654 817 3716 auctor
869 3642 1349 3719 Sermonis
1401 3644 1652 3719 sacri
1702 3640 1936 3719 tradit
1986 3643 2192 3743 apud
2216 3642 2703 3720 Jamhlichum

542 3756 646 3834 V.
699 3761 779 3836 P.
829 3762 1179 3839 XXVIII.
1232 3765 1407 3840 306.
1486 3764 1738 3863 ibique
1789 3765 2017 3839 etiam
2069 3765 2571 3861 Pythagoram
2616 3763 2701 3837 ab

553 3880 1076 3985 Aglaophamo
1129 3886 1509 3981 mysteriis
1557 3885 1975 3977 initiatum3
2058 3908 2251 3985 quae
2301 3870 2531 3960 causa
2577 3886 2705 3960 suit

557 4176 592 4228 p
662 4088 778 4214 ¹gt]
839 4088 908 4144 τὰ
967 4093 1097 4163 περὶ
1160 4092 1312 4147 θεῶν
1376 4084 1540 4162 ὄργια
1601 4091 1878 4146 substituit
1937 4089 2191 4144 Proculus
2253 4090 2305 4143 in
2366 4088 2561 4144 Theoi.
2619 4088 2698 4141 Vl.
