2873 4897
503 356 648 428 180
920 417 928 426 .
1145 440 1150 447 ,
1207 368 1497 422 mann
1550 368 1923 425 ramus.

497 529 825 615 intersit,
879 529 1019 598 etsi
1071 538 1227 600 arte
1280 526 1806 625 comprehendi
1859 552 2009 604 non
2060 542 2351 629 potest,
2406 538 2679 607 tamen

499 633 996 743 unusquisque
1045 648 1459 743 peritorum
1510 648 1877 743 intelligit.

1429 822 1511 999 ς..
1600 905 1722 975 22.

701 1122 960 1216 Longa
1009 1122 1192 1217 haec
1255 1120 1401 1195 fuit
1468 1123 1563 1197 ab
1615 1124 1953 1197 instituto
2022 1148 2237 1199 cursu
2293 1126 2671 1225 digressio

499 1238 631 1311 sed
684 1240 781 1314 ad
835 1232 1365 1338 explicandum
1386 1294 1409 1331 ‚
1480 1254 1671 1339 quae
1722 1246 1968 1317 exorsi
2032 1269 2325 1347 sumus,
2373 1235 2676 1324 ‘neces-

501 1361 717 1433 saria.
823 1359 1014 1434 Nam
1089 1363 1156 1433 si
1233 1374 1549 1460 apparet
1619 1374 1913 1437 veteres
1980 1368 2504 1466 archaeologo's
2584 1374 2675 1444 in

498 1479 1071 1576 interpretandis
1120 1483 1494 1576 majorum
1545 1483 1907 1577 institutis
1965 1486 2167 1561 haud
2220 1491 2439 1562 aliter
2489 1514 2670 1565 ver·-

500 1607 705 1670 satos
755 1621 934 1672 resse
988 1622 1210 1696 quam
1282 1602 1362 1673 in
1423 1613 1816 1699 poetarum
1870 1604 2143 1682 fabulis
2208 1612 2668 1707 interpretes

497 1717 972 1812 allegoricos,
1023 1721 1196 1793 hinc
1233 1720 1672 1796 concludere
1699 1746 2135 1821 possumus,
2190 1728 2445 1804 om'nia
2494 1732 2666 1821 illa,

497 1859 692 1933 quae
737 1839 822 1909 in
872 1841 1250 1931 mysteriis
1303 1840 1581 1915 tradita
1632 1866 1794 1918 esse
1845 1844 2226 1937 dicuntur,
2302 1873 2454 1923 non
2510 1865 2667 1926 tra-

496 1954 656 2029 dita
706 1978 867 2029 esse
919 1957 1054 2031 sed
1105 1981 1153 2030 a
1194 1963 1736 2056 spectatoribus
1766 1969 2215 2062 excogitata,
2267 1973 2462 2045 sicTut
2489 1997 2665 2047 sen-

496 2076 775 2147 tentiae
826 2075 1426 2171 Pythagoricae,
1456 2079 1918 2173 Platonicae,
1940 2094 1947 2101 '
1972 2086 2292 2181 Stoicae,
2343 2115 2529 2189 quas
2579 2098 2662 2169 in

492 2193 811 2267 Homeri
863 2197 1312 2269 carminibus
1365 2198 1513 2292 legi
1559 2199 1930 2276 affirmant
1956 2207 2446 2304 Allegoretae,
2498 2218 2663 2289 n'on

492 2324 764 2410 poetae
840 2325 1015 2386 sunt
1078 2314 1301 2388 effata
1366 2316 1501 2389 sed
1562 2298 1905 2416 ipsorum
1968 2328 2662 2427 interpretamenta.

496 2429 933 2506 Sacerdotes
948 2486 970 2522 ‚
1048 2436 1462 2531 periegetas
1476 2488 1501 2526 ,
1570 2438 1921 2516 aedituos
1985 2453 2347 2525 nonnulla
2397 2459 2664 2551 priva-.

495 2554 635 2626 tim
661 2552 1291 2627 subministrasse
1344 2558 1756 2649 sacricolis,
1808 2586 1961 2637 non
1996 2575 2464 2665 negaverim,
2518 2577 2663 2652 sed

496 2673 751 2768 potius
805 2673 915 2743 ita
964 2672 1447 2764 contendam,
1525 2697 1905 2756 sacrorum
1957 2699 2388 2783 opertorum
2437 2699 2661 2790 ritus,

493 2810 641 2886 quo
696 2790 1135 2864 occultiores
1189 2789 1434 2868 essent
1487 2806 1565 2867 et
1613 2800 2173 2899 insolentiores,
2256 2835 2348 2885 eo
2413 2822 2658 2914 magis

496 2917 657 2980 tum
720 2921 1181 3005 spectatores
1229 2911 1345 2986 ‘ad
1412 2939 1672 2991 causas
1740 2921 2199 3019 indagandas
2267 2937 2657 3028 excitasse,

496 3035 652 3120 ‘3¹¹¹
705 3029 916 3119 illos,
996 3054 1313 3128 quorum
1362 3035 1757 3128 intererat,
1833 3066 1928 3115 ne
1980 3048 2160 3143 quid
2226 3076 2481 3131 earum
2532 3083 2653 3133 re-

491 3168 664 3220 rum
740 3151 1023 3223 nescire
1090 3152 1561 3248 viderentur,
1640 3159 1737 3233 ad
1805 3169 2465 3250 comminiscendas
2532 3204 2656 3254 sa-

496 3286 789 3338 crorum
858 3292 1122 3344 causas
1185 3272 1449 3350 fecisse
1511 3282 1983 3375 promtiores.
2110 3288 2320 3365 Haec
2396 3311 2654 3378 autem
2782 3339 2789 3346 ·

493 3384 784 3473 omnia,
863 3410 1055 3483 quae
1121 3392 1398 3468 initiati
1464 3399 1587 3472 vel
1654 3423 1702 3472 a
1768 3404 2273 3485 sacerdotibus
2348 3438 2655 3520 accepe-

490 3510 706 3591 runt,
754 3505 880 3576 vel
932 3509 1353 3602 conjectura
1402 3522 1746 3612 augurati
1795 3537 2005 3615 sunt,
2056 3530 2304 3625 qualia
2337 3537 2651 3618 demum

489 3617 704 3692 fuere
718 3672 740 3710 ,
807 3645 1032 3720 quam
1080 3634 1359 3738 pusilla
1427 3648 1505 3709 et
1551 3641 1906 3736 puerilia!
2011 3645 2204 3723 Vino
2255 3653 2649 3738 libidinem

486 3739 817 3830 instari,
892 3741 1288 3824 mortales*
1309 3752 1642 3850 frugibus
1707 3774 1786 3834 et
1848 3762 2211 3845 fructibus
2274 3774 2644 3868 victitare,

490 3858 690 3932 veris
741 3861 959 3935 initio
1011 3889 1226 3962 agros
1278 3874 1727 3952 efflorescere
1741 3932 1765 3971 ,
1817 3896 2178 3963 autumno
2215 3908 2473 3969 exacto
2513 3898 2643 3972 de-

486 3974 908 4072 florescere,
981 3985 1325 4065 haeccine
1374 3977 1551 4069 sdnt
1613 4000 1748 4074 illa
1800 4002 2341 4102 Pelasgicorum
2393 4016 2640 4114 philo-

485 4097 890 4194 sophorum
944 4120 1197 4183 sancta
1268 4125 1344 4186 et
1396 4131 1707 4212 augusta
1755 4130 2115 4216 mysteria
2133 4182 2156 4218 ,
2235 4156 2425 4230 quae
2492 4137 2636 4210 soli
