2873 4897
505 296 661 371 728
1149 307 1442 365 mnu
1492 306 2017 364 nonanus,

548 466 641 535 10
680 462 869 539 eia—vc
910 463 1021 530 ὅτ’
1047 462 1113 529 ἐκ
1152 461 1446 550 περάτων
1486 463 1665 586 γαίης
1711 460 1990 531 Φαέθων
2033 456 2389 546 ὄνοροῦωιν

668 569 990 651 χρυσείαις
1033 564 1236 632 ἆκτῖσι
1274 561 1442 655 βάλῃ
1485 559 1635 652 ῥόον
1679 562 1994 651 ὠκεανοῖο,

679 668 835 754 αὐγὴ
879 668 935 733 δ’
972 659 1330 745 ἄσπετος
1290 695 1369 756 ῃ,
1416 664 1538 731 ἀνὰ
1575 666 1650 731 δὲ
1693 664 1906 754 δρόσῳ
1949 662 2271 751 ἄμφίμιγει
2252 674 2357 729 ἴσα

643 761 1003 859 μαρμαίρῃ
1047 773 1286 858 δίνησιν
1329 768 1691 895 ἑλισσομένη
1734 767 1896 833 κατὰ
1935 765 2160 831 κύκλον

677 870 924 959 πρόσθε
967 880 1160 954 θεοῦ,
1208 871 1366 957 ζώνη
1410 872 1468 937 δ’
1516 869 1613 957 αρ’
1658 866 1779 934 υπὸ
1826 869 2097 955 στέρνων
2137 867 2490 953 ἆμετρῆτων

678 975 913 1061 φαίνετ’
959 974 1056 1062 ἄρ’
1105 975 1376 1042 ὠκεανοῦ
1418 970 1640 1050 κύκλος
1679 974 1838 1058 μέγα
1878 971 2074 1053 θαῦμ’
2120 973 2452 1047 ἔςιδέσθαι.

507 1097 820 1172 Vossius
886 1101 965 1172 in
1017 1099 1258 1196 Epist.
1309 1097 1630 1190 Mythol.
1684 1093 1770 1168 T.
1820 1095 1952 1168 ΠΙ.
2003 1118 2079 1192 p.
2133 1093 2259 1167 32.
2312 1094 2496 1166 hunc
2534 1094 2629 1165 lo-

508 1240 677 1292 cum
750 1241 854 1291 ex
906 1217 1370 1292 Onomacriti
1432 1225 1769 1301 Τελεταῒς
1833 1216 2360 1312 transcriptum
2413 1225 2641 1311 putav,

505 1341 574 1411 si
624 1338 989 1412 Macrobii
1040 1338 1274 1414 verba
1320 1337 1746 1432 religiosius
1796 1337 2274 1441 interpretari
2324 1334 2648 1422 velimus,

510 1482 554 1531 e
604 1458 979 1532 Bacchicis
1047 1458 1481 1557 decerptum
1548 1456 1917 1546 dicemus,
1991 1477 2182 1552 quae
2229 1453 2487 1529 Niciae
2531 1456 2651 1526 tri-

506 1580 871 1669 buuntur,
954 1582 1262 1679 antiquo
1329 1591 1526 1651 certe
1578 1577 1899 1650 auctori·
1880 1628 1899 1666 ‚
1972 1595 2398 1673 quanquam
2444 1572 2646 1647 nobis

507 1711 710 1772 totus
780 1701 1143 1773 orationis
1212 1700 1415 1774 color
1482 1711 1558 1770 et
1609 1708 2122 1793 argumentum
2172 1695 2431 1793 ipsum
2481 1693 2650 1768 Ora-

505 1819 689 1892 culis
755 1819 1290 1918 Porphyrianis
1365 1818 1813 1893 mirabiliter
1883 1836 2284 1912 congruere
2351 1815 2648 1893 videtur.

507 1936 880 2011 Gesnerus
961 1941 1044 2012 in
1123 1950 1304 2012 nota
1365 1940 1614 2038 primo
1682 1938 1938 2013 versui
2004 1934 2378 2033 subjecta,
2443 1934 2644 2033 Ope-

503 2078 762 2146 rosa,
829 2059 1109 2156 inquit,
1175 2060 1737 2157 praeceptio
1813 2057 1923 2131 de
1991 2069 2332 2131 ornatu
2384 2067 2477 2129 et
2515 2077 2650 2131 ve·-

501 2179 740 2251 stitu
797 2176 1366 2268 sacerdotis,
1429 2178 1847 2252 remotae
1895 2178 2518 2277 ‘antiquitatis
2565 2186 2658 2247 et

502 2318 807 2396 paene
871 2298 1345 2373 Mosaicae
1410 2299 1895 2372 indicium.
2013 2297 2345 2372 Fabulas
2395 2297 2657 2368 Roma-

502 2439 771 2492 nenses
823 2421 889 2493 si
940 2420 1240 2516 legisset
1292 2420 1412 2495 vir
1464 2420 1797 2519 optimus
1816 2471 1838 2510 ,
1890 2418 2269 2517 permulta
2323 2419 2395 2491 ei
2445 2417 2657 2514 hujus

503 2538 882 2612 Mosaicae
977 2541 1446 2637 antiquitatis
1541 2538 1821 2614 indicia
1902 2540 2431 2630 occurrissent3
2533 2538 2656 2635 qui

502 2661 702 2732 enim
753 2639 1243 2756 Archimagus
1316 2671 1449 2739 aut
1497 2659 1923 2733 Exorcistes
1976 2679 2304 2757 unquam
2360 2680 2647 2756 conspe-

501 2789 663 2852 ctus
749 2788 869 2852 est
929 2782 1097 2870 sine„
1156 2780 1403 2852 tutulo
1473 2779 1707 2852 solari
1771 2792 1849 2852 et
1912 2780 2211 2853 stellata
2278 2782 2522 2852 tunica
2577 2787 2650 2848 et

499 2899 793 2994 cingulo
862 2898 1259 2974 duodecim
1326 2901 1557 2995 signis
1607 2898 2014 2996 inscripto?
2068 2897 2348 2974 Verum
2402 2898 2498 2971 de
2545 2919 2657 2969 or-

497 3032 680 3093 natu
758 3031 838 3092 et
913 3021 1194 3095 vestitu
1264 3018 1671 3093 sacerdotis
1740 3020 2048 3094 omnino
2114 3041 2268 3091 non
2333 3020 2660 3116 loquitur

501 3139 844 3238 Orpheus
896 3140 1031 3214 sed
1083 3140 1180 3214 de
1234 3140 1476 3216 divini
1526 3139 1902 3213 simulacri
1952 3141 2464 3238 apparatione,
2517 3160 2659 3235 qua

500 3258 596 3331 (le
644 3285 729 3332 re
779 3261 1020 3336 multa
1068 3263 1631 3358 praecipiuntur
1678 3262 1761 3333 in
1814 3260 2130 3334 oraculis
2184 3260 2277 3333 ab
2331 3257 2657 3332 Eusebio

499 3388 577 3449 et
623 3379 1048 3478 Nicephoro
1101 3383 1456 3471 servatis3
1507 3383 1615 3455 sic
1662 3382 1861 3454 enim
1912 3379 2199 3460 Hecate
2247 3383 2485 3456 canit:

655 3510 848 3576 Ἀλλὰ
889 3515 1042 3581 τέλει
1088 3512 1312 3592 ξόανον
1353 3516 1859 3602 κεκαθαρμένον,
1904 3514 1991 3592 ὥς
2032 3540 2101 3580 σε
2145 3513 2402 3599 διδάξω,

666 3611 947 3699 πηγάνου
991 3618 1058 3694 ἐξ
1099 3616 1337 3704 ἀγρίοιο
1379 3619 1578 3701 δέμας
1620 3620 1780 3684 ποίει
1823 3616 1921 3700 ἧδ’
1970 3615 2283 3700 ἐπικόσμει

666 3714 908 3796 ζώοισιν
951 3724 1226 3787 λεπτοῖσι
1270 3722 1667 3798 κατοικιδίοις
1709 3717 2143 3804 σκαλαβώταις

497 3848 575 3912 et
623 3861 881 3944 rursus

651 3973 828 4059 ”Han
869 3999 978 4058 μοι
1021 3977 1163 4063 σῦγε
1209 3978 1415 4045 πάντα
1461 3980 1657 4061 τέλει,
1703 3977 1926 4055 ξόανον
1968 3980 2040 4042 δὲ
2082 3978 2149 4042 ἓν
2189 3976 2376 4065 αὐτῷ.
2459 3943 2464 3952 V

659 4076 877 4165 μορφή
915 4104 1023 4162 μοι
1067 4081 1309 4148 πέλεται
1354 4078 1727 4167 Δημήτερος
1770 4076 2234 4170 ἀγλαοκάρπου.
