2873 4897
546 362 699 436 340
1177 373 1462 429 mssa
1512 321 2035 427 secuuous.

546 535 1094 630 sententiasque
1157 528 1554 603 nonnullas
1599 526 1851 601 'affert
1915 526 2374 625 Simplicius
2447 526 2730 602 Dama-

549 659 684 732 scii
747 651 1356 730 studiosissimus.
1481 648 1605 726 Illi
1672 648 2124 743 Theologiae
2195 647 2312 721 ab
2388 647 2731 722 Eudemo

550 778 948 875 expositae
1009 772 1456 845 Damascius
1523 769 1751 843 aliam
1818 768 2245 865 subjungit,
2358 791 2600 865 quam
2661 772 2730 841 in

551 894 998 995 Rhapsodiis
1050 892 1446 978 contineri,
1499 901 1574 962 et
1624 891 1961 979 tertiam,
2013 911 2217 986 quae
2249 887 2364 963 ab
2395 890 2582 986 ipso
2611 912 2727 964 vo·

556 1031 766 1092 catur
813 1016 861 1113 ἡ
910 1013 1105 1091 κατὰ
1157 1008 1607 1113 Ἱερώνυμον
1656 1011 1785 1088 καὶ
1841 1008 2291 1089 Ἑλλάνικον
2304 1066 2337 1101 ,
2411 1019 2725 1084 caetero-

551 1140 679 1235 qui
720 1137 986 1233 =ignota
1036 1143 1170 1204 est.
1272 1129 1743 1205 Hellanicum
1811 1131 2260 1204 historicum
2337 1131 2715 1226 significari

552 1253 1108 1351 Wyttenbachfi
1158 1262 1274 1324 est
1324 1255 1749 1349 conjectura
1784 1253 1848 1350 1Ι.
1903 1275 1961 1324 c.
2029 1271 2134 1322 ex
2193 1250 2380 1325 so‘lo
2438 1252 2716 1325 nomine

553 1375 815 1465 ducta,
893 1395 1053 1472 quo·
1107 1384 1271 1446 tum
1335 1372 1467 1446 alii
1533 1375 1652 1446 usi
1703 1384 1877 1446 sunt
1927 1371 2189 1459 multi,
2280 1381 2457 1444 tnm
2511 1374 2718 1443 etiam

552 1497 683 1571 ille
710 1493 1080 1571 Sandonis
1108 1505 1360 1591 pater,
1413 1492 1510 1567 de
1548 1516 1694 1592 quo
1724 1492 1956 1567 modo
1999 1491 2371 1566 diximus.
2482 1491 2711 1565 Prom-

556 1618 708 1690 tius
759 1615 1121 1689 assentiar
1182 1614 1248 1686 si
1314 1615 1479 1711 quis
1528 1613 2079 1709 Hieronymum
2129 1612 2713 1711 Peripateticum

554 1739 637 1809 in
685 1735 879 1808 libro
929 1734 1100 1835 περὶ
1148 1744 1481 1831 ποιητῶν
1531 1735 1699 1824 illa,
1749 1757 1941 1833 quae
1965 1734 2439 1808 Damascius
2481 1729 2709 1816 refert,

472 1925 475 1930 .
555 1835 1075 1955 perscripsisse
1176 1863 1481 1927 statuat.
1609 1854 1763 1929 Sed
1837 1856 2001 1952 jam
2085 1855 2242 1928 hoc
2340 1871 2702 1951 creperum

558 1976 831 2071 egressi
877 1976 961 2046 in
1010 1973 1266 2048 media
1309 1973 1872 2049 Alexandrinae
1921 1978 2200 2049 aetatis
2257 1974 2434 2047 luce
2483 1989 2703 2047 versa-

555 2116 762 2184 mur,
813 2116 1007 2190 quae
1057 2104 1216 2200 tum
1270 2096 1514 2202 omnis
1562 2096 1901 2169 literatae
1952 2095 2440 2194 antiquitatis
2492 2092 2699 2166 moni·

556 2216 829 2304 mentis
896 2213 1310 2291 abundavit
1374 2229 1536 2291 tum
1603 2219 1836 2290 etiam
1902 2216 2046 2289 hoc
2108 2237 2400 2310 genere
2477 2231 2693 2286 rerum

556 2333 997 2411 mirabiliter
1045 2336 1406 2409 instructa
1457 2336 1637 2428 fuit,
1707 2349 1794 2411 ut
1857 2333 2195 2410 ostendit
2245 2336 2386 2409 ille
2436 2352 2694 2434 peram·

557 2457 732 2557 plus
781 2455 1273 2555 Orphicorum
1338 2458 1704 2530 librorum
1769 2458 2153 2554 catalogus
2226 2480 2278 2532 a
2343 2453 2692 2530 Clemente

562 2587 639 2650 et
689 2576 924 2651 Suida
970 2578 1446 2675 propositus,
1518 2574 1616 2649 de
1678 2597 1828 2673 quo
1891 2601 2291 2676 nunquam
2359 2570 2687 2657 dubitavi,

560 2698 743 2792 quin
790 2718 1027 2768 unum
1077 2719 1123 2767 e
1173 2693 1622 2769 doctissimis
1674 2708 2012 2772 veterum
2063 2698 2514 2795 Museorum
2559 2689 2689 2767 hel·

559 2814 907 2889 luonibus
993 2826 1376 2890 auctorem
1457 2807 1750 2889 haheat.
1883 2818 2020 2909 Et,
2123 2838 2554 2918 quanquam
2619 2812 2686 2882 in

560 2956 827 3030 magno
894 2936 1358 3011 literatorum
1419 2935 2094 3012 Alexandrinorum
2187 2950 2274 3013 et
2337 2938 2684 3031 Pergame-

559 3077 828 3130 norum
876 3078 1187 3132 numero
1228 3056 1491 3130 ‘nullus
1541 3059 1986 3133 nominatim
2039 3056 2401 3157 proditur
2447 3048 2683 3151 Orphi-

558 3198 814 3251 corum
866 3181 1277 3253 carminum
1326 3176 1454 3251 vel
1520 3175 1906 3253 ordinator
1964 3179 2093 3255 vel
2159 3190 2527 3255 corrector
2576 3166 2682 3244 vd

558 3300 961 3397 interpres,
1026 3311 1278 3373 tamen
1338 3297 1592 3370 nescio
1657 3319 1753 3370 an
1803 3299 2176 3397 Epigenes
2244 3300 2421 3374 huic
2467 3285 2678 3369 ordini

561 3415 887 3491 adscribi
937 3429 1343 3508 mereatur,
1416 3418 1545 3514 qui
1596 3421 1679 3496 ἐν
1740 3426 1897 3505 τοῖς
1963 3420 2133 3523 περὶ
2182 3430 2318 3518 τῆς
2381 3423 2480 3503 εἰς
2515 3414 2673 3509 ’ορ-

561 3537 707 3637 φὲα
755 3534 1112 3636 ποιήσεως
1161 3536 1315 3613 duo
1367 3534 1651 3636 Orphei
1715 3541 2046 3614 carmina
2096 3538 2412 3638 Cercopi
2473 3548 2670 3608 tram-

558 3658 893 3753 scripsit,
945 3658 1407 3756 totidemque
1462 3658 1613 3733 alia
1659 3658 2055 3752 Brontino,
2117 3683 2361 3760 neque
2407 3676 2546 3730 nou
2588 3644 2672 3724 τὰ

558 3774 955 3869 ὶδιᾶζοντα
1018 3779 1190 3879 παρ’
1257 3779 1538 3880 Ὀρφεῖ
1596 3785 1955 3879 exposuit
2017 3806 2093 3859 v.
2164 3781 2247 3854 P.
2311 3778 2437 3853 111.
2498 3795 2550 3845 c·
2604 3764 2664 3837 9·

555 3888 970 3995 Epigenem
1017 3897 1217 3972 hunc
1245 3894 1730 3977 casaubonus
1779 3924 1933 3977 non
1975 3902 2271 3977 dubitat
2320 3896 2664 3989 antiquum

559 4010 938 4109 Criticum,
988 4019 1540 4121 multorumque
1563 4035 1956 4122 poetarum
1979 4027 2456 4123 interpretem
2480 4025 2665 4111 Pfflfl·

558 4130 808 4211 dicare
856 4136 955 4223 ad
1002 4138 1272 4215 Athen.
1323 4140 1455 4218 XI.
1505 4144 1681 4220 468.
1734 4143 1816 4221 C.
1867 4166 2287 4246 quanquam
2333 4120 2660 4215 Athenaei
