2873 4897
447 318 503 368 x
1179 302 1898 357 PRAEFATIO.

466 467 543 544 P.
604 464 777 569 234.
848 465 1212 539 omissum
1277 475 1391 538 est
1453 462 1695 537 Mallii
1749 460 2281 537 testimonium.
2340 481 2407 535 v.
2460 457 2603 535 Ad-

344 652 351 663 .
461 602 680 680 dend.
785 601 863 675 P.
912 603 1087 677 272.
1156 624 1226 679 v.
1285 600 1402 675 19.
1472 612 1650 699 post
1716 602 2264 680 συνεστιᾶσθαι
2327 596 2616 671 excide-

461 736 643 817 runt:⁴
677 739 907 818 verba
944 728 1542 841 Καλλιδᾶμαντα
1580 743 1664 820 ἐν
1709 748 1896 816 πᾶσι
1932 744 2091 823 τοῖς
2130 738 2376 838 ἱεροῖς,
2423 736 2620 832 πλὴν

466 887 537 959 εἴ
578 911 727 958 που
781 881 1037 965 αὐτοῖς
1088 883 1530 978 Πειραιεῢσι
1577 874 1909 978 νόμιμόν
1947 881 2151 953 ἐστιν
2191 875 2620 960 alsterae.—

466 1016 579 1092 P...
615 986 791 1092 282.
858 1039 933 1091 v.
998 1012 1070 1091 5.
1140 1036 1282 1113 pro
1352 1016 1820 1089 enumeratio
1869 1015 1919 1086 l.
1972 1012 2441 1087 enumeratis.
2545 1010 2625 1083 P.

469 1154 644 1229 304.
708 1165 873 1227 not:
932 1147 1020 1226 ὅ.Δ
1069 1174 1143 1226 v.
1210 1149 1287 1224 4.
1348 1173 1491 1250 pro
1557 1174 1687 1225 eos
1755 1153 1804 1224 l.
1858 1173 2020 1241 cos,
2072 1163 2149 1223 et
2197 1171 2272 1224 v.
2325 1146 2397 1235 5.
2453 1159 2629 1223 ante

468 1302 599 1390 τῆς
650 1290 934 1392 μητρὸς
984 1286 1182 1361 adde
1230 1297 1372 1366 τοῦ
1423 1298 1716 1367 κεστοῦ.
1824 1287 1903 1360 P.
1956 1288 2130 1360 394.
2180 1306 2256 1361 v.
2315 1286 2437 1360 ll.
2487 1308 2628 1386 pro

473 1427 933 1504 solemnibus
1001 1427 1368 1501 maximas
1432 1426 1485 1498 1.
1547 1428 1920 1503 maximis.
2019 1424 2099 1497 P.
2139 1402 2325 1499 395.
2379 1448 2457 1500 v.
2510 1425 2634 1500 22.

473 1587 614 1665 pro
665 1563 1022 1639 servabili
1076 1564 1124 1635 l.
1179 1562 1653 1639 observabili.
1756 1565 1835 1636 P.
1885 1562 2062 1637 417.
2112 1574 2267 1637 not.
2315 1587 2396 1658 g.
2419 1662 2426 1665 ,
2446 1587 2521 1640 v.
2567 1563 2640 1638 9.

342 1730 351 1735 ·
477 1725 614 1802 pro
682 1674 1081 1778 exordium'
1139 1702 1190 1775 l.
1256 1700 1632 1776 exodium.
1749 1701 1828 1774 P.
1895 1700 2071 1775 436.
2138 1724 2212 1776 v.
2277 1699 2414 1775 23.
2464 1702 2643 1775 tolle

478 1841 709 1916 verba
760 1840 1175 1939 Palaeph
1195 1841 1326 1914 ati
1380 1841 1620 1920 Γοναὶ
1659 1840 2121 1941 Ἀρτέμιδος,
2182 1861 2382 1937 quae
2442 1850 2640 1913 reete

478 1981 555 2052 in
608 1991 761 2052 not.
816 2003 875 2052 c.
928 1980 1323 2075 oppositae
1371 1950 1692 2077 paffl‘nae
1742 1979 2104 2072 leguntur.
2203 1976 2282 2049 P.
2336 1950 2513 2051 469.
2564 1999 2638 2051 ν.

486 2117 601 2189 12.
671 2138 810 2215 pro
882 2117 1085 2188 tertii
1134 2116 1183 2187 1.
1237 2116 1510 2213 quarti.
1607 2115 1687 2188 P.
1739 2115 1914 2188 477.
1966 2138 2041 2190 v.
2094 2102 2218 2188 26.
2271 2137 2414 2213 pro
2464 2135 2638 2213 pos·

481 2255 581 2329 sit
629 2254 678 2325 l.
721 2254 969 2348 jussit.
1084 2252 1163 2325 P.
1219 2250 1391 2325 568.
1461 2274 1531 2324 v.
1591 2253 1706 2325 10.
1759 2275 1900 2350 pro
1955 2251 2309 2351 Orphei
2363 2294 2465 2309 --
2517 2250 2643 2325 fa-

482 2390 789 2466 bulam
889 2390 1025 2486 leg.
1112 2388 1507 2490 Orp'hici
1591 2402 1924 2464 contra
2004 2380 2646 2489 principalem

485 2528 797 2603 nostri
875 2538 1239 2626 partem
1316 2526 1690 2625 aliquid
1763 2526 2074 2613 divini
2157 2528 2251 2599 in
2318 2550 2418 2601 se
2484 2530 2643 2603 ha-

315 2668 324 2678 ’
394 2723 425 2756 ,
486 2666 704 2738 bere
756 2674 1291 2739 statuentes
1341 2667 1609 2740 illam
1663 2663 2163 2738 inficetam
2215 2709 2323 2722 --
2376 2663 2646 2742 Cetera

490 2804 814 2881 ὄπισθεν
891 2802 1365 2905 ἀρεσσόμεθ’.
1504 2801 1629 2877 Ad
1709 2814 2120 2877 extremum
2139 2856 2161 2894 ,
2229 2807 2409 2902 quia
2476 2830 2646 2880 eam

490 2960 791 3013 causam
870 2942 1205 3040 suscepi,
1295 2962 1489 3039 quae
1564 2941 1910 3016 maximis
1978 2944 2310 3041 partium
2377 2944 2647 3018 studiis

492 3079 811 3174 agitatur
827 3130 849 3168 ,
927 3078 1009 3151 id
1092 3101 1383 3177 quoque
1454 3077 1775 3173 adjicere
1841 3102 2098 3174 cogor,
2165 3080 2367 3177 quod
2431 3104 2648 3178 prae-

493 3217 715 3288 terire
763 3216 1088 3304 mallem,
1140 3217 1207 3289 si
1256 3214 1439 3314 quid
1487 3237 1636 3289 non
1688 3216 2076 3289 refellendi
2126 3216 2261 3291 sed
2299 3218 2651 3292 laedendi

497 3373 753 3441 causa,
818 3365 903 3425 ut
966 3352 1341 3450 quondam
1358 3405 1382 3443 ‚
1448 3351 1809 3429 adversus
1871 3376 1999 3427 me
2065 3354 2346 3431 dictum
2397 3357 2652 3448 merit,

495 3481 969 3588 repellendae
1044 3492 1363 3586 iujuriae
1445 3502 1600 3565 tam
1681 3502 2064 3590 promtum
2145 3506 2225 3566 et
2299 3506 2650 3590 paratum

496 3648 623 3700 me
671 3627 833 3700 fore
882 3645 1109 3726 quam
1157 3647 1323 3702 sum
1376 3627 1474 3701 ab
1525 3652 1776 3704 errore
1828 3627 2295 3704 defendendo
2339 3632 2652 3705 alienus.

499 3762 782 3862 scripsi
830 3765 1281 3860 Regimontii
1334 3762 1681 3841 Calendis
1732 3765 1970 3843 ¹Iuliis.

1845 4053 2008 4064 -4—..0-
