2873 4897
808 344 813 350 -
942 296 1640 408 anensium.
2273 309 2375 383 37

205 480 453 568 docet,
505 494 653 551 sex
687 474 1075 553 mollibus
1112 430 1311 552 itaer
1346 482 1710 572 mysteria
1741 481 1838 556 τὰ
1875 482 2065 580 πρὸς
2087 471 2370 582 ’Ἄγραν
2465 522 2472 529 ·

212 613 285 673 et
342 600 484 673 issa
532 618 732 695 qme
781 598 1074 692 majora
1122 609 1530 690 vocantur,
1591 601 2015 696 iutenjeetis.
2071 664 2076 671 .
2119 598 2366 674 Schol.

213 719 305 795 ad
350 716 743 815 Aristoph.
780 715 1029 797 Banu.
1067 716 1245 793 745.
1294 719 1734 816 simpliciter
1783 718 2063 820 μύησιν
2114 732 2193 794 et
2240 725 2368 797 in-

208 841 515 920 ωτεείων
565 838 745 912 ami
793 838 1309 949 interjectione
1360 839 1711 914 distincta
1761 839 1988 915 fuisse
2020 840 2366 915 affirmat.

203 962 328 1037 De
396 958 901 1059 quinquennio
930 1020 933 1025 .
962 980 1188 1033 neme
1232 960 1566 1058 loquitur
1583 1012 1606 1052 ,
1681 982 1924 1058 neque
1969 960 2049 1035 id
2099 983 2364 1037 eonve-

206 1084 321 1156 n't
370 1102 541 1175 eum
573 1100 837 1157 eorum
878 1081 1321 1172 rationibus,
1373 1102 1584 1179 quos·
1608 1094 1785 1178 post
1824 1080 2129 1156 brevem
2170 1104 2370 1157 eom·
2433 1142 2438 1149 .

206 1203 707 1276 mundonem
744 1198 1087 1276 Athenis
1150 1201 1488 1274 initiatos
1553 1223 1718 1275 esse
1781 1202 2098 1292 seimus,
2161 1202 2374 1277 velut

215 1320 426 1396 Sulla
468 1319 667 1393 Plut.
720 1344 781 1393 e.
831 1318 1109 1395 XXVI.
1172 1321 1548 1395 Antonius
1598 1320 1708 1394 Id.
1759 1346 1819 1394 e.
1869 1319 2151 1395 XXIII.
2202 1320 2372 1394 Phi-

219 1442 463 1540 lippus
508 1462 647 1512 rex
694 1438 861 1515 Liv.
912 1438 1196 1515 XXXI.
1246 1441 1373 1516 47.
1424 1443 1700 1540 aliique
1750 1441 1991 1515 multi.
2087 1438 2371 1531 cinero,

218 1563 344 1659 «pi
404 1558 499 1633 de
560 1558 971 1635 meusiniis
1033 1563 1147 1635 ita
1210 1561 1571 1661 loquitur,
1639 1572 1726 1635 ut
1772 1562 2154 1634 initiamm
2207 1581 2373 1635 esse

210 1690 573 1781 appareat
592 1731 617 1769 ,
688 1680 921 1754 semel
970 1702 1105 1754 sex
1152 1704 1451 1757 meuses
1500 1681 1818 1757 Athenis
1870 1691 2373 1755 commoratus

216 1815 327 1876 est
373 1800 622 1901 (674.)
688 1811 764 1872 et
826 1800 1086 1875 mulfis
1152 1804 1366 1875 annis
1430 1814 1609 1900 post
1656 1802 1896 1903 (702.)
1949 1823 2179 1897 quum
2229 1822 2371 1899 pro

214 1921 514 1998 eomule
563 1923 648 1995 in
702 1915 1043 1995 Cificiam
1095 1924 1719 2019 proficisceretur,
1773 1919 2029 1997 decem
2081 1920 2242 1995 dies
2291 1923 2374 1995 iu

213 2045 349 2120 hae
410 2041 599 2117 urhe
648 2040 831 2130 fuit,
910 2042 1140 2137 paulo
1190 2042 1474 2116 diutius
1523 2046 1605 2116 in
1652 2041 1902 2116 reditu
1951 2041 2154 2140 apud
2204 2040 2375 2115 Ari-

212 2176 506 2239 stonem
557 2161 1001 2238 diversatus.
1055 2161 1524 2238 Octavianus
1572 2172 1916 2260 tempore
1961 2162 2122 2251 ino,
2172 2159 2376 2258 quod

218 2295 403 2383 post
480 2283 848 2357 Actiacam
928 2283 1331 2356 victoriam
1414 2281 1950 2355 constituendis
2017 2282 2374 2355 Graeciae

215 2404 449 2479 rebus
497 2400 900 2501 impendit,
966 2423 1179 2476 sam-a
1231 2398 1524 2478 Cereris
1578 2401 1906 2499 suscepit
1955 2401 2214 2498 (723.).
2265 2399 2371 2473 ef.

212 2524 487 2600 Jacobs
536 2523 638 2598 ad
692 2519 1069 2618 Criuagor.
1120 2525 1261 2624 Ep.
1314 2522 1562 2597 XXX.
1611 2521 1790 2597 404.
1855 2519 1940 2592 Τ.
1992 2520 2188 2593 VIII.
2237 2542 2376 2592 nee

212 2658 393 2722 ante
455 2645 603 2756 hue
662 2665 1008 2721 reversus
1060 2656 1174 2718 est
1224 2667 1447 2740 quam
1498 2645 1794 2719 firmato
1846 2642 2001 2736 jam
2051 2639 2373 2738 imperio

212 2771 299 2842 in
377 2765 763 2840 Orientem
842 2763 1217 2852 tenderet,
1295 2762 1495 2838 unde
1561 2761 1910 2836 reducem
1975 2761 2374 2835 Zarmarus

212 2886 448 2963 Indus
497 2898 854 2983 sequutus
904 2897 1019 2959 est
1066 2882 1440 2958 secundae
1477 2883 1867 2978 legationis
1910 2905 1957 2954 a
1987 2880 2376 2976 ‘Pandione

216 3023 297 3084 et
343 3008 541 3082 Poro
590 3008 863 3082 missae
912 3007 1282 3104 prinecps,
1334 3027 1554 3101 quem
1592 3002 2086 3077 Athenienses
2121 3021 2381 3097 quam-

216 3132 341 3206 vis
408 3130 653 3202 alieno
725 3140 1067 3224 tempore
1114 3127 1343 3199 sacris
1390 3127 1802 3198 initiarunt.
1854 3122 2009 3195 Dio
2059 3119 2249 3195 LIV.
2303 3117 2376 3192 9.

224 3250 732 3345 Similiterque
777 3246 1223 3345 Apollonius
1239 3298 1260 3335 ‚
1338 3268 1570 3343 quum
1635 3255 2024 3343 peragrato
2076 3240 2381 3314 Oriente

226 3368 365 3443 auh
410 3372 664 3467 ipsum
719 3369 1202 3441 auctumnum
1253 3367 1432 3438 anni
1480 3376 1656 3463 post
1709 3362 1878 3438 Chr.
1918 3386 1987 3435 n.
2023 3362 2381 3460 quinqua-

227 3489 487 3586 gesimi
541 3491 768 3587 primi
804 3487 1135 3563 Athenas
1162 3487 1500 3561 venisset
1521 3505 1675 3558 non
1703 3495 1927 3558 autea
1956 3482 2181 3568 visas,
2230 3489 2380 3551 sta-

224 3613 366 3685 tim
444 3609 543 3683 ab
607 3608 1099 3706 hierophanta
1148 3608 1371 3706 petiit
1416 3619 1510 3679 ut
1553 3605 1698 3679 sIhi
1748 3602 1976 3676 sacris
2025 3601 2384 3674 interesse

226 3733 483 3805 lieeret
534 3727 681 3806 -sed
748 3727 1063 3822 rejectus
1126 3740 1242 3800 est
1306 3737 1614 3825 propter
1678 3724 1974 3818 magiae
2024 3715 2384 3815 suspicio·

226 3875 401 3926 nem
418 3905 441 3942 ,
532 3833 976 3924 eiteuinaeto
1042 3858 1290 3921 autem
1361 3869 1558 3920 anno
1624 3855 1888 3942 quarto
1954 3840 2119 3915 voti
2185 3853 2410 3909 com-·

224 3995 369 4071 pos
432 3972 679 4046 seems
742 3967 1088 4043 Philostr.
1151 3968 1277 4066 IV.
1348 3969 1465 4042 18.
1567 3964 1841 4039 Iisdem
1906 3953 2388 4055 religionibus
2455 4024 2462 4030 .

224 4116 388 4170 sese
427 4091 1006 4168 obstrinxerunt
1040 4088 1415 4164 Adrianus
1456 4110 1685 4188 quum
1722 4084 2035 4163 Athenis
2069 4078 2394 4152 hiem
