2873 4897
528 322 632 418 ἐξ
1242 286 1554 407 muna
1583 337 1956 406 ramus,

532 514 766 587 niniae
832 506 1245 585 daduchiae
1316 509 1718 605 imaginem
1793 505 2141 607 praebuit
2154 558 2196 598 ,-
2252 498 2732 583 existimare

531 651 963 733 possumus,
1032 640 1307 726 quanta
1370 627 1866 704 multitudinis
1927 625 2346 723 indignatio
2366 681 2392 719 ‚
2441 648 2728 727 -quan-

533 766 654 828 tus
737 751 1099 825 tumultus
1177 762 1478 823 exortus
1540 749 1802 840 fuerit,
1877 764 2107 846 quum
2151 752 2727 827 sanctissimas

535 874 975 949 cerimonias
1023 871 1444 943 imitatione
1495 872 1784 943 scenica
1833 868 2215 966 profanari
2251 869 2585 946 videret
2601 867 2726 974 [¹].

530 991 659 1066 Sic
709 990 804 1064 de
853 991 1006 1071 suis
1058 989 1518 1088 temporibus
1568 999 1821 1063 narrat
1870 987 2152 1062 Pinedo
2214 990 2297 1063 in
2353 990 2721 1067 Breviar.

529 1111 828 1187 Auctor.
897 1107 994 1182 ad
1062 1109 1413 1207 stephan.
1477 1132 1554 1208 p.
1595 1108 1792 1182 753.
1855 1107 1925 1180 b.
1993 1108 2397 1198 „Poetae
2472 1112 2720 1186 Itali

531 1232 914 1322 „comici
996 1240 1087 1301 et
1169 1230 1509 1323 tragici
1589 1220 1775 1301 n'on
1857 1227 2200 1302 audent
2275 1244 2720 1305 summ-os

531 1349 1103 1449 „pontifices
1185 1351 1280 1421 in
1345 1350 1543 1420 suis
1611 1347 1978 1422 fabulis
2039 1349 2717 1439 introducere,

531 1492 849 1569 „quum
918 1488 1184 1563 reges
1237 1479 1328 1540 et
1375 1469 1999 1565 imperatores
2045 1468 2716 1544 introducant.

529 1590 795 1685 „Nam
847 1609 1112 1686 quum
1164 1586 1259 1659 id
1310 1586 2041 1687 fecisset'poeta
2080 1588 2474 1685 quidam
2512 1593 2716 1686 jus-

527 1732 680 1801 „su
730 1708 1257 1806 pontificio
1309 1711 1800 1807 supplicio
1851 1707 2256 1779 affectus
2308 1708 2542 1800 fuit,
2598 1732 2714 1785 ne

526 1828 1003 1924 „dignitas
1096 1828 1618 1924 pontificia
1708 1823 2398 1925 quodammodo
2513 1832 2717 1904 evi-

527 1949 1048 2040 ,‚lesceret.“
1172 1944 1430 2043 Neque
1493 1945 1785 2021 invidia
1833 1955 2226 2019 caruerunt
2276 1944 2712 2028 Schillerus

430 2066 437 2077 '
527 2079 604 2140 et
680 2062 1118 2153 wernerus,
1198 2066 1727 2139 ecclesiasticas
1806 2064 2242 2138 cerimonias
2304 2068 2396 2138 in
2468 2088 2712 2142 scena

527 2195 999 2260 ostentantes.
1093 2182 1313 2274 Quod
1367 2199 1619 2259 autem
1673 2186 1761 2258 G.
1813 2184 2191 2283 Hauptius
2238 2188 2328 2259 in
2382 2183 2707 2276 Quaest.

524 2303 871 2397 Aeschyl.
936 2328 1011 2404 p.
1066 2305 1186 2379 59.
1256 2303 1614 2395 affirmat,
1683 2306 1767 2380 id
1815 2305 2019 2404 quod
2067 2304 2302 2379 modo
2357 2302 2701 2381 diximus

524 2424 953 2504 Aristotelis
1034 2429 1421 2524 omnisque
1507 2428 1967 2522 antiquitatis
2029 2428 2492 2501 testimoniis
2561 2426 2699 2502 ad-

525 2539 849 2634 versari,
944 2546 1279 2640 quibus
1370 2543 1933 2635 Aeschylum
2039 2564 2222 2616 non
2322 2548 2692 2621 ritibus

524 2663 1207 2757 mysteriorum
1271 2666 1879 2736 sanctitatem
1949 2662 2109 2736 sed
2161 2662 2458 2740 dictis
2512 2668 2692 2741 lae·

526 2784 762 2856 sisse
844 2793 1252 2870 constat,
1316 2780 1400 2854 id
1470 2783 1787 2856 multum
1857 2781 2070 2855 abest
2120 2795 2205 2856 ut
2256 2787 2686 2861 concedam.

525 2901 965 2976 Aristoteles
1048 2899 1259 2973 dicit:
1347 2900 1496 2991 Qui
1568 2904 1964 2978 inscienter
2041 2905 2195 2998 agit
2275 2952 2384 2962 —
2467 2910 2509 2985 ὅ
2587 2907 2683 2984 δι’

528 3024 848 3129 ἄγνοιαν
910 3019 1263 3120 πράττων
1312 3061 1417 3078 —-
1467 3034 1719 3121 potest
1765 3046 1846 3096 se
1896 3043 2251 3122 purgare,
2324 3030 2393 3099 si
2445 3029 2527 3099 in
2574 3026 2680 3099 lo-

531 3139 824 3240 quendo
875 3164 955 3214 se
1004 3141 1298 3239 lapsum
1350 3141 1571 3234 dicat,
1624 3153 1758 3217 aut
1806 3146 1875 3216 si
1921 3146 2296 3218 inscitiam
2347 3157 2684 3220 excuset:

527 3260 579 3357 ἢ
644 3263 782 3338 οὐκ
844 3261 1116 3337 εἰδέναι
1178 3264 1294 3338 ὅτι
1359 3261 1737 3363 ἅπόρρητα
1798 3261 1931 3362 ἦν,
1999 3267 2236 3366 ὥςπερ
2303 3265 2678 3365 Αἰσχύλος

532 3379 624 3457 τὰ
684 3380 1010 3479 μυστικά
1041 3379 1158 3481 [¹¹].
1224 3382 1539 3458 Minime
1603 3384 1734 3455 ille
1799 3381 1896 3455 de
1957 3388 2447 3460 excusatione
2499 3384 2674 3458 dicti

675 3545 754 3619 [ἶ]
792 3549 996 3604 Seneca
1038 3550 1141 3672 Eg.
1178 3550 1339 3605 CXV.
1390 3553 1595 3617 Quum
1651 3553 1719 3606 hi
1753 3529 2112 3606 novissinii
2146 3571 2403 3610 versus
2437 3556 2502 3609 in
2537 3563 2666 3607 tra-

534 3619 781 3685 goedia
824 3620 1073 3691 Euripi
1133 3622 1194 3673 is
1241 3623 1699 3693 (Bellerophonte)
1749 3624 2218 3693 pronuntiati
2265 3635 2534 3690 essent,
2566 3631 2662 3675 to·-

534 3695 643 3741 tus
688 3690 976 3759 populus
1026 3689 1108 3743 ad
1153 3691 1564 3758 ejiciendum
1613 3702 1681 3747 et
1728 3702 2026 3747 actorem
2075 3702 2145 3747 et
2194 3712 2473 3750 carmen
2518 3709 2663 3748 con-

535 3759 858 3812 surrexit
889 3776 1013 3813 uno
1046 3762 1328 3831 impetu.

673 3826 748 3897 [k]
784 3829 873 3882 Ex
908 3830 1006 3883 hoc
1036 3847 1164 3883 sane
1197 3831 1376 3900 colligi
1406 3849 1563 3901 posse
1598 3831 1835 3896 videtur,
1873 3832 2011 3902 quod
2048 3833 2288 3888 Clemens
2321 3834 2521 3888 directe
2553 3838 2661 3883 tm-

532 3896 647 3964 dit,
687 3899 1000 3968 Aeschylum
1034 3917 1135 3954 non
1169 3901 1328 3956 finis-e
1360 3902 1638 3956 initiatum.
1709 3904 1845 3958 Nem
1879 3910 1938 3956 ut
1972 3905 2250 3966 concedam
2286 3905 2561 3958 Welckero
2592 3899 2658 3952 do

531 3966 736 4052 Trilog.
784 3986 836 4040 p.
875 3969 996 4022 107.
1028 3987 1107 4039 sq.
1158 3988 1260 4024 non
1293 3971 1475 4028 eadem
1510 3972 1743 4026 omuibus
1787 3973 2088 4043 spectacula
2120 3975 2360 4030 exhibita
2392 3990 2519 4036 esse,
2553 3985 2652 4039 (1⁸1⁰

528 4037 712 4090 rerem
745 4045 919 4108 potest
947 4040 1181 4094 Senecae
1212 4041 1556 4096 testimonium
1576 4043 1792 4106 Quaent.
1826 4043 1955 4095 Nat.
1990 4043 2111 4095 VII.
2143 4042 2231 4098 31.
2267 4046 2416 4098 Non
2448 4037 2652 4095 semel

529 4108 847 4173 quaedam
893 4127 1091 4164 sacra
1143 4112 1547 4182 traduntur,
1600 4121 1836 4165 servat
1869 4112 2176 4178 Eleusis,
2213 4114 2390 4182 quod
2426 4118 2653 4165 osten·

2835 3905 2845 3938 ξ

2832 3978 2845 4032 l

2829 4045 2845 4085 Ι
