2873 4897
568 313 722 389 218
783 290 790 303 ⁸
860 276 880 301 ’
1279 325 1576 380 mann
1624 326 1996 383 PRIMUS.
2084 334 2089 339 ·

564 490 652 566 τὸ
704 487 1089 589 βλέφαρον
1136 484 1287 588 γὰρ
1337 486 1630 587 δρομὰς
1680 490 1823 566 οὐκ
1870 489 1970 565 ἄν
2017 516 2131 572 τις
2183 492 2379 586 εἴπῃ·
2466 468 2621 565 xcii.
2670 494 2749 569 ἐν

559 610 864 711 Ὀρέστῃ
913 602 1413 685 Μανιάσιν
1465 605 2033 708 λυσσήμασι,
2098 605 2197 681 de
2248 631 2395 704 quo
2460 632 2747 704 genere

567 729 802 803 multa
878 725 1199 799 diximus
1271 724 1374 798 ad
1409 725 1561 821 ⁴Aj.
1632 726 1806 801 271.
1929 726 2140 800 Idem
2214 727 2313 800 ad
2382 730 2744 826 priorem

565 846 1042 924 Hierarchiae
1075 845 1352 919 Eccles.
1401 846 1649 920 locum
1698 870 1774 944 p.
1807 847 1932 921 74.
1984 848 2074 922 A.
2129 848 2534 949 ἀφιέντων
2583 861 2744 928 τῶν

564 975 1091 1072 μαρμαρυγῶν
1102 1021 1131 1057 ,
1199 966 1329 1043 καὶ
1390 976 1539 1045 νῦν
1589 967 1987 1060 ἇττικίζων
2040 969 2389 1056 συνέταξε
2448 972 2551 1048 τὸ
2613 979 2738 1071 ῥη-

563 1088 720 1170 τόν.
827 1086 1071 1177 Quam
1136 1085 1471 1161 divemas
1532 1108 1656 1160 res
1721 1087 1852 1160 iile
1918 1091 2475 1186 composuerit,
2564 1102 2736 1164 ante

565 1209 818 1284 oculos
870 1216 1020 1303 θείς
1090 1205 1226 1279 sed
1276 1218 1354 1280 et
1399 1205 1592 1282 illud
1642 1218 1956 1308 apparet
2002 1209 2192 1283 hanc
2241 1211 2552 1304 generis
2610 1234 2730 1284 en-

565 1333 853 1426 allagen
903 1326 1302 1425 aliqnando
1354 1350 1495 1426 pro
1540 1328 1747 1402 cultu
1794 1329 2047 1402 filinae.
2148 1327 2325 1402 Alia
2350 1331 2727 1405 nonnulla

506 1461 512 1469 '
565 1475 613 1526 a
639 1449 1165 1525 Grammaticis
1208 1450 1486 1523 nostris
1527 1451 1808 1546 pariter
1850 1449 2185 1545 negiecta
2230 1449 2501 1543 attulit
2536 1450 2728 1523 Dor·

555 1560 822 1647 ⁸villius
871 1568 968 1644 ad
1022 1565 1297 1645 charit„
1343 1592 1425 1667 Ρ.
1466 1569 1621 1643 293
1674 1581 1750 1641 et
1801 1566 1974 1642 549.
2075 1569 2194 1641 Ex
2245 1569 2401 1642 alio
2459 1593 2726 1665 genere

561 1689 875 1794 βραχέσι
927 1686 1411 1790 σημειώσεων
1459 1686 1736 1762 Euseb.
1789 1712 1846 1761 c.
1899 1688 2222 1763 Marcell.
2276 1690 2363 1763 L.
2415 1692 2479 1763 1.
2534 1713 2612 1788 Ρ.
2654 1691 2717 1763 2.

562 1813 662 1885 D.
711 1817 875 1896 ταῖς
925 1810 1121 1896 ὀξέσι
1168 1802 1298 1865 -’
1335 1816 1504 1895 ταῖς
1550 1808 1871 1910 βραδέσι
1934 1818 2097 1887 τῶν
2159 1820 2445 1911 ψυχῶν
2515 1809 2715 1884 θεοὶ).

565 1932 613 2003 Ι.
663 1955 728 2004 c.
772 1953 848 2028 p.
906 1928 1127 2003 1086.
1184 1950 1323 2003 suo
1372 1929 1542 2002 loco
1594 1930 2174 2027 composuimus.

976 2406 1965 2542 EPIMETRUM
2067 2445 2294 2539 111.

1281 2661 1375 2726 ad
1429 2669 1490 2743 §.
1552 2664 1653 2727 12.
1712 2672 1871 2731 not.
1926 2663 1997 2730 ff.

599 2927 618 2948 ·
771 2886 1180 2988 Sophocles
1230 2883 1479 2980 Antig.
1534 2882 1756 2959 1146.
1824 2884 2177 2960 Liberum
2227 2890 2535 2990 ἄστρων
2575 2916 2698 2986 χο-

570 3005 809 3113 ραγόν
883 3007 1251 3106 appellat,
1342 3002 1539 3082 κατά
1606 3033 1780 3085 τινα
1847 3007 2217 3107 μυστικὸν
2286 3007 2553 3113 λόγον,
2626 3015 2699 3077 ut

568 3129 812 3204 Schol.
863 3130 1003 3220 ait3
1082 3127 1521 3203 Eustathius
1584 3149 1659 3224 Ρ.
1713 3123 1885 3200 514.
1945 3128 2201 3226 paullo
2253 3126 2514 3204 durius
2561 3156 2697 3229 μυ·

569 3250 829 3328 στικὸν
864 3258 1092 3350 λῆρον
1128 3248 1328 3321 dicit.
1428 3245 1630 3320 Hinc
1671 3268 1856 3322 vero
1888 3269 1985 3321 ne
2015 3248 2507 3323 Theocmiae
2546 3267 2694 3338 my·

567 3365 797 3444 uticae
847 3369 1173 3466 suspicio
1238 3366 1550 3440 ducatur
1616 3364 1943 3443 breviter
1992 3367 2549 3444 admonendum
2592 3364 2696 3439 vi·

461 3505 476 3514 ·
570 3487 825 3580 detur,
874 3488 1299 3581 Dionysum
1347 3509 1502 3562 non
1548 3485 1724 3561 ideo
1775 3487 2105 3563 siderum
2157 3488 2420 3562 ducem
2472 3480 2697 3558 nomi-

455 3685 462 3692 ,
569 3609 775 3698 nari,
844 3607 1046 3704 quod
1094 3605 1295 3682 idem
1350 3607 1485 3683 Sol
1534 3610 1671 3699 sit,
1745 3607 1880 3682 sed
1945 3632 2048 3683 ex
2098 3621 2490 3709 poetarum
2539 3620 2693 3675 con·

570 3726 963 3802 suetudine
977 3781 1002 3818 ,
1051 3730 1180 3825 qui
1231 3727 1541 3803 deorum
1596 3730 1805 3824 orgia
1853 3751 1990 3803 sua
2041 3724 2693 3804 concelebrantium

570 3846 898 3925 adventu
947 3850 1375 3924 universam
1425 3861 1768 3923 naturam
1818 3852 2275 3927 commoveri
2337 3860 2413 3921 et
2473 3837 2690 3920 exsul·

571 3983 731 4044 tare
778 3970 1061 4064 fingunt
1107 3971 1220 4044 ita
1268 3982 1352 4044 ut
1401 3981 1601 4044 terra
1665 3973 2212 4060 contremiscat,
2294 3969 2534 4042 maria
2576 3980 2691 4033 ex-

575 4100 932 4182 aestuent,
980 4090 1388 4189 stellaeque
1435 4092 1648 4189 ipsae
1696 4092 2117 4187 augustiore
2164 4090 2448 4163 lumine
2497 4100 2690 4161 coru-
